@INPROCEEDINGS{david+genaud+giersch+al:2002:source,
  AUTHOR = {Romaric David and St{\'e}phane Genaud and Arnaud
                  Giersch and Benjamin Schwarz and {\'E}ric Violard},
  TITLE = {Source Code Transformations Strategies to
                  Load-balance {G}rid Applications},
  PAGES = {82--87},
  CROSSREF = {grid:2002},
}


@INPROCEEDINGS{genaud+giersch+vivien:2003:load,
  AUTHOR = {St{\'e}phane Genaud and Arnaud Giersch and
                  Fr{\'e}d{\'e}ric Vivien},
  TITLE = {Load-Balancing Scatter Operations for {G}rid
                  Computing},
  PAGES = {101a},
  CROSSREF = {hcw:2003},
}


@INPROCEEDINGS{giersch+robert+vivien:2003:scheduling,
  AUTHOR = {Arnaud Giersch and Yves Robert and Fr{\'e}d{\'e}ric
                  Vivien},
  TITLE = {Scheduling tasks sharing files on heterogeneous
                  clusters},
  CROSSREF = {europvmmpi:2003},
}


@INPROCEEDINGS{giersch+robert+vivien:2004:scheduling,
  AUTHOR = {Arnaud Giersch and Yves Robert and Fr{\'e}d{\'e}ric
                  Vivien},
  TITLE = {Scheduling tasks sharing files on heterogeneous
                  clusters},
  CROSSREF = {pdp:2004},
  NOTE = {To appear}
}


@PROCEEDINGS{europvmmpi:2003,
  TITLE = {10th European PVM/MPI Users' Group Conference
                  (EuroPVM/MPI 2003)},
  BOOKTITLE = {10th European PVM/MPI Users' Group Conference
                  (EuroPVM/MPI 2003)},
  KEY = {{E}uro{PVM}/{MPI} 2003},
  YEAR = 2003,
  EDITOR = {J. Dongarra and D. Laforenza and S.
                  Orlando},
  VOLUME = {2840},
  SERIES = {Lecture Notes in Computer Science},
  ADDRESS = {Venice, Italy},
  MONTH = SEP,
  PUBLISHER = {Springer-Verlag},
  CONFURL = {http://www.dsi.unive.it/pvmmpi03/}
}


@PROCEEDINGS{grid:2002,
  TITLE = {Grid Computing --- {GRID} 2002: Third International
                  Workshop, Proceedings},
  BOOKTITLE = {Grid Computing --- {GRID} 2002: Third International
                  Workshop, Proceedings},
  KEY = {Grid 2002},
  YEAR = 2002,
  EDITOR = {M. Parashar},
  VOLUME = 2536,
  SERIES = {Lecture Notes in Computer Science},
  ADDRESS = {Baltimore, {MD}, {USA}},
  MONTH = NOV,
  PUBLISHER = {Springer-Verlag},
  URL = {http://link.springer.de/link/service/series/0558/tocs/t2536.htm},
  CONFURL = {http://www.gridcomputing.org/grid2002/}
}


@PROCEEDINGS{hcw:2003,
  TITLE = {12th Heterogeneous Computing Workshop ({HCW} 2003)},
  BOOKTITLE = {12th Heterogeneous Computing Workshop ({HCW} 2003)},
  KEY = {{HCW} 2003},
  YEAR = 2003,
  ADDRESS = {Nice, France},
  MONTH = APR,
  PUBLISHER = {IEEE Computer Society Press},
  URL = {http://computer.org/proceedings/ipdps/1926/1926toc.htm},
  CONFURL = {http://www.cs.umanitoba.ca/~maheswar/hcw/}
}


@PROCEEDINGS{pdp:2004,
  TITLE = {12th Euromicro Conference on Parallel, Distributed
                  and Network based Processing ({PDP} 2004)},
  BOOKTITLE = {12th Euromicro Conference on Parallel, Distributed
                  and Network based Processing ({PDP} 2004)},
  KEY = {{PDP} 2004},
  YEAR = 2004,
  ADDRESS = {A Coruña, Spain},
  MONTH = FEB,
  PUBLISHER = {IEEE Computer Society Press},
  CONFURL = {http://pdp2004.des.fi.udc.es/}
}

