
@article{Capit05,
author = {N. Capit and G. Da Costa and Y. Georgiou and G. Huard and C. Martin and G. Mounie and P. Neyron and O. Richard},
title = {A batch scheduler with high level components},
journal ={Cluster Computing and the Grid, IEEE International Symposium on},
volume = {2},
isbn = {0-7803-9074-1},
year = {2005},
pages = {776-783},
doi = {http://doi.ieeecomputersociety.org/10.1109/CCGRID.2005.1558641},
publisher = {IEEE Computer Society},
address = {Los Alamitos, CA, USA},
}

