%%% ====================================================================
%%% Publisher abbreviations:

@String{pub-ACM = {ACM Press}}
@String{pub-IEEE-CS = {IEEE Computer Society Press}}
@String{pub-SV = {Springer-Verlag}}

%%% ====================================================================
%%% Series abbreviations:

@String{ser-LNCS = {LNCS}}
@String{ser-SIGPLAN = {ACM SIG{\-}PLAN Notices}}

%%% ====================================================================
%%% Referenced works

%%% Books

@Book{Foster98,
  editor =       {Ian Foster and Carl Kesselman},
  title =        {The {G}rid: Blueprint for a New Computing
                  Infrastructure},
  year =         {1998},
  month =        aug,
  publisher =    {Morgan Kaufmann Publishers},
  isbn =         {ISBN 1-55860-475-8},
}

%%% Articles

@InProceedings{Banino02,
  author =       {Cyril Banino and Olivier Beaumont and Arnaud Legrand
                  and Yves Robert},
  title =        {Scheduling strategies for master-slave tasking on
                  heterogeneous processor {G}rids},
  crossref =     {para:2002},
  pages =        {423--432},
}

@InProceedings{Barbosa00,
  author =       {Jorge G. Barbosa and Jo{\~a}o Tavares and Armando
                  Jorge Padilha},
  title =        {Linear Algebra Algorithms in Heterogeneous Cluster
                  of Personal Computers},
  crossref =     {hcw:2000},
  pages =        {147--159},
}

@InProceedings{Beaumont02,
  author =       {Olivier Beaumont and Larry Carter and Jeanne
                  Ferrante and Arnaud Legrand and Yves Robert},
  title =        {Bandwidth-centric allocation of independent tasks on
                  heterogeneous platforms},
  crossref =     {ipdps:2002},
  pages =        {0067},
}

@InProceedings{Beaumont02b,
  author =       {Olivier Beaumont and Arnaud Legrand and Yves Robert},
  title =        {A polynomial-time algorithm for allocating
                  independent tasks on heterogeneous fork-graphs},
  crossref =     {iscis:2002},
  pages =        {115--119}
}
@Article{Bharadwaj03,
  author =       {Veeravalli Bharadwaj and Debasish Ghose and Thomas
                  G. Robertazzi},
  title =        {Divisible Load Theory: A New Paradigm for Load
                  Scheduling in Distributed Systems },
  journal =      {Cluster Computing},
  year =         {2003},
  month =        jan,
  volume =       {6},
  pages =        {7--17},
  number =       {1},
}

@Article{Foster97,
  author =       {Ian Foster and Carl Kesselman},
  title =        {{Globus}: A Metacomputing Infrastructure Toolkit},
  journal =      {The International Journal of Supercomputer
                  Applications and High Performance Computing},
  year =         {1997},
  volume =       {11},
  number =       {2},
  pages =        {115--128},
}

@InProceedings{Foster98b,
  author =       {Ian Foster and Nicholas T. Karonis},
  title =        {A Grid-Enabled {MPI}: Message Passing in
                  Heterogeneous Distributed Computing Systems},
  crossref =     {supercomputing:1998},
}

@InProceedings{George99,
  author =       {William George},
  title =        {Dynamic Load-Balancing for Data-Parallel {MPI}
                  Programs},
  crossref =     {mpidc:1999},
}

@InProceedings{Goux00,
  author =       {Jean-Pierre Goux and Sanjeev Kulkarni and Jeff
                  Linderoth and Michael Yoder},
  title =        {An Enabling Framework for Master-Worker Applications
                  on the Computational Grid},
  crossref =     {hpdc:2000},
  pages =        {43--50}
}



@inproceedings{icps-2007-184,
      title = "Experiments in running a scientific MPI application on Grid'5000",
      author= "Stéphane Genaud and Marc Grunberg and Catherine Mongenet",
      booktitle = "4th High Performance Grid Computing International Workshop, IPDPS conference proceedings",
      publisher = "IEEE",
      location = "Long beach, USA",
      month = amr,
      year  = 2007,
      note = "received the 'Intel Best Paper Award'.",
}

@inproceedings{icps-2004-124,
      title = "Parallel Adaptive Mesh Coarsening for Seismic Tomography",
      author= {Marc Grunberg and Stéphane Genaud and Catherine Mongenet},
      doi = {10.1109/SBAC-PAD.2004.29},
      booktitle= "SBAC-PAD 2004, 16th Symposium on Computer Architecture and High Performance Computing",
      publisher = "IEEE Computer Society Press",
      location = "Foz do Iguaçu, Brazil",
      month = oct,
      year  = 2004,
}


@inproceedings{icps-2003-111,
    title = {Calcul de rais en tomographie sismique : exploitation sur la Grille},
    author= {Marc Grunberg and Stéphane Genaud},
    booktitle = {Renpar2003},
    publisher = {INRIA},
    pages = {179--186},
    address = {La Colle sur Loup},
    month = {October},
    year  = {2003},

}

@article{icps-2005-146,
      title = "Calcul de rais en tomographie sismique : exploitation sur la grille",
      author= {Stéphane Genaud and Marc Grunberg},
      journal = "Technique et Science Informatiques",
      volume = 24,
      number = 5,
      pages= "591--608",
      publisher = "Hermès-Lavoisier",
      year  = 2005,
      note = "Numéro thématique RenPar'15",
}

@inproceedings{icps-2009-219,
	title = "Implementation of the AdaBoost Algorithm for Large Scale Distributed Environments: Comparing JavaSpace and MPJ",
	author= "Virginie Galtier and Stéphane Genaud and Stéphane Vialle",
 	booktitle = "Fifteenth International Conference on Parallel and Distributed Systems (ICPADS'09)",
 	publisher = "IEEE",
	location = "Shenzhen, China",
	month = "December",
	year  = "2009",
}



@InProceedings{Grunberg02,
  author =       {Marc Grunberg and St{\'e}phane Genaud and Catherine
                  Mongenet},
  title =        {Parallel Seismic Ray-tracing in a Global Earth Mesh},
  crossref =     {pdpta:2002},
  volume =       {3},
  pages =        {1151--1157},
}

@article{Grunberg04,
  author =       {Marc Grunberg and St{\'e}phane Genaud and Catherine
                  Mongenet},
  title =        {Seismic ray-tracing and {E}arth mesh modelling on various parallel architectures},
  journal =      {The Journal of Supercomputing},
  publisher      = {Kluwer Academic Pub.},
  volume =       {29},
  number =       {1},
  year   =       {2004},
  month  =       {July},
  pages =        {27--44},
}

@phdthesis{Grunberg06,
   author={Marc Grunberg},
   title="Conception d'une méthode de maillage 3D parallèle pour la construction d'un modèle de Terre réaliste par la tomographie sismique",
   school={Universit\'{e} Louis Pasteur, Strasbourg},
   year=2006,
   month = sep,
}

@InProceedings{Heymann01,
  author =       {Elisa Heymann and Miquel Angel Senar and Emilio
                  Luque and Miron Livny},
  title =        {Self-Adjusting Scheduling of Master-Worker
                  Applications on Distributed Clusters},
  crossref =     {europar:2001},
  pages =        {742--751}
}

@InProceedings{Husbands98,
  author =       {Parry Husbands and James C. Hoe},
  title =        {{MPI-StarT}: Delivering Network Performance to
                  Numerical Applications},
  crossref =     {supercomputing:1998},
}

@InProceedings{Karonis00,
  author =       {Nicholas T. Karonis and Bronis R. de Supinski and
                  Ian Foster and William Gropp and Ewing Lusk and John
                  Bresnahan},
  title =        {Exploiting Hierarchy in Parallel Computer Networks
                  to Optimize Collective Operation Performance},
  crossref =     {ipdps:2000},
  pages =        {377--384},
}

@Article{Kielmann99,
  author =       {Thilo Kielmann and Rutger F. H. Hofman and Henri
                  E. Bal and Aske Plaat and Raoul A. F. Bhoedjang},
  title =        {{MagPIe}: {MPI}'s collective communication
                  operations for clustered wide area systems},
  journal =      ser-SIGPLAN,
  volume =       {34},
  number =       {8},
  pages =        {131--140},
  month =        aug,
  year =         {1999},
}

@Article{Kim96,
  author =       {Hyoung Joong Kim and Gyu-In Jee and Jang Gyu Lee},
  title =        {Optimal Load Distribution for Tree Network
                  Processors},
  journal =      {IEEE Transactions on Aerospace and Electronic
                  Systems},
  volume =       {32},
  number =       {2},
  month =        apr,
  year =         {1996},
  pages =        {607--612},
}

@InProceedings{Shao00,
  author =       {Gary Shao and Francine Berman and Rich Wolski},
  title =        {Master/Slave Computing on the {Grid}},
  crossref =     {hcw:2000},
  pages =        {3--16}
}

@Article{Wolski99,
  author =       {Rich Wolski and Neil T. Spring and Jim Hayes},
  title =        {The Network Weather Service: A Distributed Resource
                  Performance Forecasting Service for Metacomputing},
  journal =      {Future Generation Computing Systems},
  year =         {1999},
  month =        oct,
  volume =       {15},
  pages =        {757--768},
  number =       {5-6},
}

%%% Misc

@TechReport{MPI95,
  author =       {{MPI Forum}},
  title =        {{MPI}: A Message Passing Interface Standard},
  institution =  {University of Tennessee},
  address =      {Knoxville, {TN}, {USA}},
  year =         {1995},
  month =        jun,
  anote =        {Version 1.1},
}

@Misc{pipurl,
  key =          {pip},
  title =        {{PIP}/{P}ip{L}ib},
  howpublished =
                  {\url{http://www.prism.uvsq.fr/~cedb/bastools/piplib.html}},
}

%%% Proceedings

@Proceedings{europar:2001,
  title =        {{E}uro-{P}ar 2001 Parallel Processing},
  booktitle =    {{E}uro-{P}ar 2001 Parallel Processing},
  key =          {{E}uro-{P}ar 2001},
  year =         2001,
  volume =       2150,
  series =       ser-LNCS,
  month =        aug,
  publisher =    pub-SV,
}

@Proceedings{europar:2002,
  title =        {{E}uro-{P}ar 2002 Parallel Processing},
  booktitle =    {{E}uro-{P}ar 2002 Parallel Processing},
  key =          {{E}uro-{P}ar 2002},
  year =         2002,
  volume =       2400,
  series =       ser-LNCS,
  month =        aug,
  publisher =    pub-SV,
}

@Proceedings{hcw:2000,
  title =        {9th Heterogeneous Computing Workshop ({HCW}'00)},
  booktitle =    {9th Heterogeneous Computing Workshop ({HCW}'00)},
  key =          {{HCW} 2000},
  year =         2000,
  month =        may,
  publisher =    pub-IEEE-CS,
}

@Proceedings{hpdc:2000,
  title =        {9th {IEEE} International Symposium on High
                  Performance Distributed Computing ({HPDC}'00)},
  booktitle =    {9th {IEEE} International Symposium on High
                  Performance Distributed Computing ({HPDC}'00)},
  key =          {{HPDC} 2000},
  year =         2000,
  month =        aug,
  publisher =    pub-IEEE-CS,
}

@Proceedings{ipdps:2000,
  title =        {International Parallel and Distributed Processing
                  Symposium ({IPDPS}'00)},
  booktitle =    {International Parallel and Distributed Processing
                  Symposium ({IPDPS}'00)},
  key =          {{IPDPS} 2000},
  year =         2000,
  month =        may,
  publisher =    pub-IEEE-CS,
}

@Proceedings{ipdps:2002,
  title =        {International Parallel and Distributed Processing
                  Symposium ({IPDPS}'02)},
  booktitle =    {International Parallel and Distributed Processing
                  Symposium ({IPDPS}'02)},
  key =          {IPDPS 2002},
  year =         2002,
  month =        apr,
  publisher =    pub-IEEE-CS,
}


@Proceedings{mpidc:1999,
  title =        {Message Passing Interface Developer's and User's
                  Conference ({MPIDC}'99)},
  booktitle =    {Message Passing Interface Developer's and User's
                  Conference ({MPIDC}'99)},
  key =          {{MPIDC} 1999},
  year =         1999,
  month =        mar
}

@Proceedings{para:2002,
  title =        {Applied Parallel Computing: Advanced Scientific
                  Computing: 6th International Conference ({PARA}'02)},
  booktitle =    {Applied Parallel Computing: Advanced Scientific
                  Computing: 6th International Conference ({PARA}'02)},
  key =          {{PARA} 2002},
  year =         2002,
  volume =       2367,
  series =       ser-LNCS,
  month =        jun,
  publisher =    pub-SV,
}

@Proceedings{pdpta:2002,
  title =        {Proceedings of the International Conference on
                  Parallel and Distributed Processing Techniques and
                  Applications ({PDPTA}'02)},
  booktitle =    {Proceedings of the International Conference on
                  Parallel and Distributed Processing Techniques and
                  Applications ({PDPTA}'02)},
  key =          {{PDPTA} 2002},
  year =         2002,
  month =        jun,
  publisher =    {CSREA Press}
}

@Proceedings{supercomputing:1998,
  title =        {Proceedings of the 1998 ACM/IEEE conference on
                  Supercomputing ({SC}'98)},
  booktitle =    {Proceedings of the 1998 ACM/IEEE conference on
                  Supercomputing ({SC}'98)},
  key =          {{SC} 1998},
  year =         1998,
  month =        nov,
  publisher =    pub-IEEE-CS,
}

%%% ====================================================================
%%% Unreferenced works

%%% Books

@Book{Barak93,
  author =       {Amnon Barak and Shai Guday and Richard Wheeler},
  title =        {The MOSIX Distributed Operating System, Load
                  Balancing for UNIX},
  year =         {1993},
  publisher =    {Springer-Verlag},
  volume =       {672},
  series =       {Lecture Notes in Computer Science},
  note =         {\url{http://www.mosix.cs.huji.ac.il/}},
}

%%% Articles

@InProceedings{Berman96,
  author =       {Francine Berman and Richard Wolski and Silvia
                  Figueira and Jennifer Schopf and Gary Shao},
  title =        {Application-Level Scheduling on Distributed
                  Heterogeneous Networks},
  crossref =     {supercomputing:1996},
}

@InProceedings{Bhat98,
  author =       {Prashanth B. Bhat and Viktor K. Prasanna and
                  C.S. Raghavendra},
  title =        {Adaptative Communications Algorithms for Distributed
                  Heterogeneous Systems},
  booktitle =    {Proceedings of the 7th Intl. Symp. on High
                  Performance Distributed Computing},
  year =         {1998},
}

@Article{Boulet99,
  author =       {Pierre Boulet and Jack Dongarra and Yves Robert and
                  Frédéric Vivien},
  title =        {Static tiling for heterogeneous computing platforms},
  journal =      {Parallel Computing},
  year =         {1999},
  volume =       {25},
  number =       {5},
  pages =        {547--568},
}

@InProceedings{Brewer95,
  author =       {Eric A. Brewer},
  title =        {High-level optimization via automated statistical
                  modeling},
  booktitle =    {5th ACM SIGPLAN Symposium on Principles and Practice
                  of Parallel Programming},
  year =         {1995},
  month =        jul,
  address =     {Santa Barbara, California},
}

@InProceedings{Dail00,
  author =       {Holly Dail and Graziano Obertelli and Francine
                  Berman and Rich Wolski and Andrew Grimshaw},
  title =        {Application-Aware Scheduling of a
                  Magnetohydrodynamics Application in the Legion
                  Metasystem},
  crossref =     {hcw:2000},
}

@Article{DeFanti96,
  author =       {Thomas A. DeFanti and Ian Foster and Michael
                  E. Papka and Rick Stevens and Tim Kuhfuss},
  title =        {Overview of the {I-{WAY}}: Wide-Area Visual
                  Supercomputing},
  journal =      {The International Journal of Supercomputer
                  Applications and High Performance Computing},
  year =         {1996},
  month =        {Summer\slash Fall},
  volume =       {10},
  pages =        {123--131},
  number =       {2/3},
}

@article{Filbet01,
  author =       {Francis Filbet and Eric Sonnendr\"{u}cker and Pierre
                  Bertrand},
  title =        {Conservative Numerical schemes for the {V}lasov
                  equation},
  journal =      {Journal of Comput. Phys.},
  year =         {2001},
  volume =       {172},
  pages =        {166--187},
}

@Article{Kremien92,
  author =       {Orly Kremien and Jeff Kramer},
  title =        {Methodical Analysis of Adaptative Load Sharing
                  Algorithms},
  journal =      {IEEE Transactions on Parallel and Distributed
                  Systems},
  year =         {1992},
  volume =       {3},
  pages =        {747--760},
}

@Article{Kumar,
  author =       {Vipin Kumar and Ananth Y. Grama and Vempaty
                  Nageshwara Rao},
  title =        {Scalable Load Balancing Techniques for Parallel
                  Computers},
  journal =      {Journal of Parallel and Distributed Computing},
  year =         {1994},
}

@Article{Mani94,
  author =       {V. Mani and D. Ghose},
  title =        {Distributed Computation in Linear Networks:
                  Closed-Form Solutions},
  journal =      {IEEE Transactions on Aerospace and Electronic
                  Systems},
  issn =         {0018-9251},
  pages =        {471--483},
  volume =       {30},
  number =       {2},
  year =         {1994}
}

@InProceedings{Reeve99,
  author =       {Jeff S. Reeve},
  title =        {A Performance Estimator for Parallel Programs},
  booktitle =    {European Conference on Parallel Processing},
  year =         {1999},
  pages =        {193--202},
}

@Article{Valiant90,
  author =       {Leslie G. Valiant},
  title =        {A bridging model for parallel computation},
  journal =      {Communications of the ACM},
  month =        aug,
  year =         {1990},
  volume =       {33},
  number =       {8},
  pages =        {103},
}

@InProceedings{Genaud03,
  author =       {St\'{e}phane Genaud and Arnaud Giersch and Fr\'{e}d\'{e}ric Vivien},
  title =        {Load-Balancing Scatter Operations for Grid Computing},
  booktitle =    {12th Heterogeneous Computing Workshop},
  publisher =    {IEEE Computer Press Society},
  pages     =    {101},
  year =         {20003},
  month =        {April},
}


@TechReport{Grimshaw94,
  author =       {Andrew S. Grimshaw and William A. Wulf and James
                  C. French and Alfred C. Weaver and Paul F. {Reynolds
                  Jr.}},
  title =        {Legion: The Next Logical Step Toward a Nationwide
                  Virtual Computer},
  year =         {1994},
  month =        aug,
  number =       {CS-94-21},
  institution =  {University of Virginia},
  url =          {citeseer.nj.nec.com/grimshaw94legion.html},
}

@Manual{Hpf95,
  author =       {Charles H. Koelbel and David B. Loveman and Robert
                  S. Schreiber and Guy L. Steele Jr. and Mary
                  E. Zosel},
  title =        {The High Performance Fortran Handbook},
  year =         {1994},
  series =       {Scientific and Engineering Computation},
  editor =       {Janusz Kowalik},
  month =        jan,
}

@TechReport{MPI94,
  author =       {{MPI Forum}},
  x-author =     {{Message Passing Interface Forum}},
  title =        {{MPI}: A Message Passing Interface Standard},
  institution =  {University of Tennessee},
  address =      {Knoxville, {TN}, {USA}},
  year =         {1994},
  month =        may,
  anote =        {Version 1.0},
  x-url =        {http://www.mpi-forum.org/docs/docs.html},
}


@book{Snir95,
   author = {Marc Snir and Steve W. Otto and David W. Walker and Jack Dongarra and Steven Huss-Lederman},
   title = {{MPI}: The Complete Reference},
   year = 1995,
   isbn = {0262691841},
   publisher = {MIT Press},
   address = {Cambridge, MA, USA},
}



@TechReport{Robert99,
  author =       {Jean-François Mehaut and Yves Robert},
  title =        {Algorithms and Tools for (Distributed) Heterogeneous
                  Computing: A Prospective Report},
  year =         {1999},
  month =        aug,
  number =       {1999-36},
  institution =  {ENS-Lyon LIP},
}

@TechReport{Shao98,
  author =       {Gary Shao and Rich Wolski and Fran Berman},
  title =        {Performance Effects of Scheduling Strategies for
                  Master/Slave Distributed Applications},
  year =         {1998},
  month =        sep,
  number =       {CS98-598},
  institution =  {UCSD CSE Dept.},
  address =      {University of California, San Diego},
}

%%% Proceedings

@Proceedings{supercomputing:1996,
  title =        {Proceedings of the 1996 ACM/IEEE conference on
                  Supercomputing ({SC}'96)},
  booktitle =    {Proceedings of the 1996 ACM/IEEE conference on
                  Supercomputing ({SC}'96)},
  x-editor =     {Beverly Clayton},
  key =          {{SC} 1996},
  year =         1996,
  address =     {Pittsburgh, {PA}, {USA}},
  month =        nov,
  publisher =    pub-ACM,
  x-url =
                  {http://www.supercomp.org/sc96/proceedings/SC96PROC/TOCPROC.HTM},
}




@inproceedings{Sullivan97,
    author  = {W. T. Sullivan and D. Werthimer and S. Bowyer and J. Cobb and D. Gedye and D. Anderson},
    title   = {A new major SETI project based on Project Serendip Data and 100,000 Personal Computers},
    booktitle   = {Proceedings of 5th Intl. Conf. on Bioastronomy},
    editor  = {},
    publisher   = {Editrice Compositori},
    series  = {},
    volume  = {IAU Colloq. No. 161},
    pages   = {},
    address     = {},
    month   = {},
    year    = {1997},
}
@book{Schroeder97,
      title       = {The Visualization Toolkit, An Object-Oriented Approach To 3D Graphics},
      author      = {Will Schroeder and Ken Martin and Bill Lorensen},
      isbn  = {ISBN 0-13-954694-4},
      publisher   = {Prentice Hall},
      year  = {1997},
      month       = {December},
}
@inproceedings{Gabriel98,
      author      = {Edgar Gabriel and Michael Resch and T. Beisel and Rainer Keller},
      title       = {Distributed Computing in an Heterogeneous Computing Environment},
      booktitle   = {Proceedings of PVM/MPI},
      editor      = {},
      publisher   = {},
      series      = {},
      volume      = {},
      pages       = {180--187},
      address     = {},
      month       = {},
      year  = {1998},
}

@inproceedings{Bouteiller03,
         title={(MPICH-V2): a Fault Tolerant {MPI} for Volatile Nodes based on the Pessimistic Sender Based Message Logging},
         author = {Aurélien Bouteiller and Franck Cappello and Thomas Hérault and Géraud Krawezik and Pierre Lemarinier and Frédéric Magniette },
         booktitle = {SuperComputing 2003},
         address = {Phoenix USA},
         month={November},
         year = {2003},
}

@InProceedings{Legrand04,
      author      =     {Arnaud Legrand and Loris Marchal and Yves Robert},
      title       =     {Optimizing the steady-state throughput of scatter and reduce operations on heterogeneous platforms},
      booktitle   =     {6th Workshop on Advances in Parallel and Distributed Computational Models,{ APDCM 2004}},
      publisher   =     {IEEE Computer Society Press},
      year  =     {2004}
}

@InBook{Caron02,
author = {Caron, Eddy and Desprez, Frédéric and Fleury, Eric and Lombard, Frédéric and Nicod, Jean-Marc and Quinson, Martin and Suter, Frédéric},
chapter = {Une approche hiérarchique des serveurs de calculs},
crossref   = {hermes:2002},
}

@inbook{Cappello02,
      author      = {Franck Cappello and Abderrahmane Djilali and Gilles Fedak and C\'{e}cile Germain and Oleg Lodygensky and Vincent N\'{e}ri},
      chapter       = {XtremWeb, une plate-forme de recherche sur le Calcul Global et Pair à Pair},
     pages       = {153--188},
     crossref   = {hermes:2002},
}

@book{hermes:2002,
title = {Calcul r\'{e}parti \`{a} grande \'{e}chelle},
publisher = {Hermès Science Paris},
editor      = {Francoise Baude},
note = {ISBN 2-7462-0472-X},
year = 2002,
}

@inbook{Schneider93,
     author  = {Fred. B. Schneider},
     editor  = {Sape Mullender},
     title   = {Replication Management Using the State Machine Approach},
     chapter   = {7},
     pages     = {169--195},
     booktitle  = {Distributed Systems},
     year    = {1993},
     publisher       = {ACM Press},
}

%%% =============================================================================================
@inproceedings{stellner96cocheck,
    author = {Georg Stellner},
    title = "{CoCheck: Checkpointing and Process Migration for {MPI}}",
    booktitle = "{Proceedings of the 10th International Parallel Processing Symposium ({IPPS} '96)}",
    address = "Honolulu, Hawaii",
    year = "1996",
    url = "citeseer.ist.psu.edu/stellner96cocheck.html" }


@inproceedings{agbaria99starfish,
    author = {A. Agbaria and R. Friedmanr},
    title = {Starfish: Fault-Tolerant Dynamic MPI programs on Clusters of Workstations},
    booktitle = "{Proceedings of the 8th IEEE International Symposium on High Performance Distributed Computing}",
    address = {Los Alamitos, California},
    year = "1999",
    pages = "167--176"
    }

@inproceedings{Louca00,
      author = {Soulla Louca and Neophytos Neophytou and Arianos Lachanas and Paraskevas Evripidou},
      title = {{MPI-FT}: Portable Fault Tolerenace Scheme for {MPI}},
      booktitle = "{ Parallel Processing Letters}",
      volume = {10},
      number = {4},
      pages = {371--382},
      publisher = "{World Scientific Publishing Company}",
      year = "2000"
}


@inproceedings{fagg00ftmpifaulttolerant,
  author = {Graham Fagg and Jack Dongarra},
  title = "{FT}-{MPI}: Fault Tolerant MPI, Supporting Dynamic Applications in a Dynamic World",
  booktitle={EuroPVM/MPI User's GroupMeeting 2000},
  publisher ={Springer-Verlag, Berlin, Germany},
  pages={346-353},
  year = "2000",
  url = "citeseer.ist.psu.edu/375946.html" 
}

@inproceedings{Batchu01,
      author = {Rajanikanth Batchu and 
                Jothi Neelamegam and 
                Zhenqian Cui and 
                Murali Beddhu and 
                Anthony Skjellum and 
                Yoginder Dandass and 
                Manoj Apte},
      title = "{MPI/FT}\textsuperscript{TM}: Architecture and Taxonomies for Fault-Tolerant, Message-Passing Middleware for Performance-Portable Parallel Computing ",
      booktitle = {Proceedings of the 1st IEEE International Symposium of Cluster Computing and the Grid},
      location = {Melbourne, Australia},
      year = 2001,
}

@article{Batchu04,
 author = {Rajanikanth Batchu and Yoginder S. Dandass and Anthony Skjellum and Murali Beddhu},
 title = {{MPI/FT}: A Model-Based Approach to Low-Overhead Fault Tolerant Message-Passing Middleware},
 journal = {Cluster Computing},
 volume = {7},
 number = {4},
 year = {2004},
 issn = {1386-7857},
 pages = {303--315},
 doi = {http://dx.doi.org/10.1023/B:CLUS.0000039491.64560.8a},
 publisher = {Kluwer Academic Publishers},
 address = {Hingham, MA, USA},
 }


@Inproceedings{bosilca-mpichv02,
  author = {George Bosilca and Aurelien Bouteiller and Franck Cappello and Samir Djailali
    and Gilles Fedak and Cecile Germain and Thomas Herault and Pierre Lemarinier
    and Oleg Lodygensky and Frederic Magniette and Vincent Neri and Anton Selikhov},
  title = "{{MPICH-V}: Toward a Scalable Fault Tolerant {MPI} for Volatile Nodes}",
  month = "November",
  year = "2002",
  booktitle = "{SuperComputing 2002}",
  address = "{Baltimore, USA}",
  url = "citeseer.ist.psu.edu/bosilca02mpichv.html" }

@misc{bouteiller-mpichv203,
  author = "Aurelien Bouteiller and Franck Cappello and Thomas Herault and Geraud Krawezik and Pierre Lemarinier and Frederic Magniette",
  title = "{{MPICH-V2}: a Fault Tolerant {MPI} for Volatile Nodes based on the Pessimistic Sender Based Message Logging}",
  month = "November",
  year = "2003",
  booktitle = "{SuperComputing 2003}",
  address = "{Phoenix, USA}",
  url = "citeseer.ist.psu.edu/bosilca02mpichv.html" }


@inproceedings{jngi02,
    title = {Framework for Peer-to-Peer Distributed Computing in a Heterogeneous, Decentralized Environment},
    author= {Jerome Verbeke and Neelakanth Nadgir and Gref Ruetsch and IIya Sharapov},
    booktitle = {Grid Computing - GRID 2002},
    series = {Lecture Notes in Computer Science},
    volume = {2536},
    publisher = {Springer-Verlag},
    pages = {1--12},
    address = {Baltimore, MD, USA},
    month = {November},
    year  = {2002},
}

@misc{foldingathome,
  title =  "{Folding@home}",
  howpublished = {\url{http://folding.stanford.edu}},
}



@Article{lamport78,
  author =       {Leslie Lamport},
  title =        "{Time, Clocks and the Ordering of Events in a Distributed System}",
  journal =      "{Communications of the ACM}",
  month =        jul,
  year =         1978,
  volume =       21,
  number =       7,
}

@techreport{eawj96,
  author =   {M. Elnozahy and L. Alvisi and Y.~M. Wang and D.~B. Johnson},
  title =    "A survey of rollback-recovery protocols in message passing systems",
  institution =  "School of Computer Science, Carnegie Mellon University",
  year =     1996,
  number =   "CMU-CS-96-181",
  address =      "Pittsburgh, PA, {USA}",
  month =    oct,
}

@inproceedings{Alvisi1999,
  author    = {Lorenzo Alvisi and
               E. N. Elnozahy and
               Sriram Rao and
               Syed Amir Husain and
               Asanka De Mel},
  title     = {An Analysis of Communication Induced Checkpointing},
  booktitle = {29th Symposium on Fault-Tolerant Computing (FTCS'99)},
  month     = jun,
  year      = {1999},
  pages     = {242-249},
  publisher = "{IEEE CS Press}",
  ee        = {http://computer.org/proceedings/ftcs/0213/02130242abs.htm},
  bibsource = {DBLP, http://dblp.uni-trier.de}
}


@misc{jxta,
  title =  "{JXTA}",
  howpublished = {\url{http://www.jxta.org}},
}


@inproceedings{Alvisi1995,
  author    = {Lorenzo Alvisi and
               Keith Marzullo},
  title     = {Message Logging: Pessimistic, Optimistic, and Causal},
  booktitle = "{Proceeding of the 15th International Conference on Distributed Computing Systems (ICDCS'95)}",
  year      = {1995},
  pages     = {229-236},
  bibsource = {DBLP, http://dblp.uni-trier.de}
}


@article{Strom85,
        author    = {Robert E. Strom and Shaula Yemini},
        title     = {Optimistic Recovery in Distributed Systems},
        journal   = {ACM Trans. Comput. Syst.},
        volume    = {3},
        number    = {3},
        year      = {1985},
        pages     = {204-226},
        ee        = {http://doi.acm.org/10.1145/3959.3962},
        bibsource = {DBLP, http://dblp.uni-trier.de}
}


@InProceedings{van98,
      author      =     {Robbert van Renesse and Y. Minsky and M. Hayden},
      title       =     {A gossip-style failure detection service},
      booktitle   =     "Middleware '98",
      year  =     {1998}
}

@inproceedings{Litzkow88,
	author    = {Michael J. Litzkow and Miron Livny and Matt W. Mutka},
	title     = {Condor - A Hunter of Idle Workstations},
	booktitle = {ICDCS},
	year      = {1988},
	pages     = {104-111},
	bibsource = {DBLP, http://dblp.uni-trier.de}
}

@inproceedings{Felber1999,
  author    = {Pascal Felber and
               Xavier D{\'e}fago and
               Rachid Guerraoui and
               Philipp Oser},
  title     = {Failure Detectors as First Class Objects},
  booktitle = {DOA},
  year      = {1999},
  pages     = {132-141},
  ee        = {http://computer.org/proceedings/doa/0182/01820132abs.htm},
  bibsource = {DBLP, http://dblp.uni-trier.de}
}




@misc{napster,
  title =  "{Napster protocol specification}",
  howpublished = {\url{http://opennap.sourceforge.net/napster.txt}},
  month = {April},
  year = {2000}
}

@Inbook{gnutella,
	author = "{Andy Oram}",
	title  = "{Peer-to-Peer: Harnessing the Power of Disruptive Technologies}",
	chapter = {Gnutella},
	pages = {94--122},
	publisher = "{O'Reilly}",
	year = {2001},
	month = {May}
}

#

@InProceedings{Caron02a,
	author = {Caron, Eddy and Desprez, Frédéric and Lombard, Frédéric and Nicod, Jean-Marc and Quinson, Martin and Suter, Frédéric},
	title = {{A Scalable Approach to Network Enabled Servers}},
	booktitle = {Proceedings of the 8th International EuroPar Conference},
	editor = {B. Monien and R. Feldmann},
	year = 2002,
	pages = {907--910},
	address = {Paderborn, Germany},
	series = LNCS,
	volume = 2400,
	publisher = {Springer-Verlag},
	month = Aug,
	KEYWORDS ={Metacomputing, DIET} 
}

@Article{Gropp96, 
	author = "W. Gropp and E. Lusk and N. Doss and A. Skjellum", 
	title = "A high-performance, portable implementation of the {MPI} message passing interface standard", 
	journal = "Parallel Computing", 
	volume = "22", 
	number = "6", 
	pages = "789--828", 
	month = sep, 
	year = "1996" 
}

@Book{Gropp99,
  author=        {William Gropp and Ewing Lusk and Anthony Skjellum},
  title =        {Using {MPI}, {P}ortable Parallel Programming with the Message-Passing Interface},
  year =         {1999},
  publisher =    {MIT Press},
  series   =    {Scientific and Engineering Computation Series},
  edition   =    {2nd edition},
  isbn =         {ISBN 0-262-57134-X},
}


%%%===================================================================
%%%chapter 2
%%%===================================================================
@article{smarr1992,
	author = {Larry Smarr and Charles E. Catlett},
	title = {Metacomputing},
	journal = {Commun. ACM},
	volume = {35},
	number = {6},
	year = {1992},
	issn = {0001-0782},
	pages = {44--52},
	doi = {http://doi.acm.org/10.1145/129888.129890},
	publisher = {ACM},
	address = {New York, NY, USA},
}

@article{lyster92,
	author = {Lyster P. and Bergman L. and Li P. and Stanfill D. and Crippe B. and Blom R. and Pardo C. and Okaya D.},
	title = {CASA gigabit supercomputing network: CALCRUST three-dimensional real-time multi-dataset rendering},
	journal = {Supercomputing'92}, 
	year = {1992}, 
	address = {Minneapolis, MN},
}

@article{
	condor-g-jcc,
	author = "James Frey and Todd Tannenbaum and Ian Foster and Miron Livny and Steve Tuecke",
	title = "{C}ondor-{G}: A Computation Management Agent for Multi-Institutional Grids",
	journal = "Cluster Computing",
	volume = "5",
	year = "2002",
	pages = "237--246"
}

@misc{datagrid,
  title =  "{EU Data Grid project}",
  howpublished = {\url{http://www.eu-datagrid.org}}
}

@Article{ ArticleCaron.CD_IJHPCA06,
	abstract = {Among existing grid middleware approaches, one simple, powerful, and flexible approach consists of using servers available in different administrative domains through the classical client-server or Remote Procedure Call (RPC) paradigm. Network Enabled Servers implement this model also called GridRPC. Clients submit computation requests to a scheduler whose goal is to find a server available on the grid. The aim of this paper is to give an overview of a middleware developed by the GRAAL team called DIET (for Distributed Interactive Engineering Tool-box). DIET is a hierarchical set of components used for the development of applications based on computational servers on the grid.},
	author = {Caron, Eddy and Desprez, Fr{\'e}d{\'e}ric},
	date-modified = {2006-11-27 17:07:34 +0100},
	journal = {International Journal of High Performance Computing Applications},
	keywords = {Grid Computing, Network Enabled Servers, Client-servers computing,DIET},
	number = {3},
	pages = {335-352},
	title = {DIET: A Scalable Toolbox to Build Network Enabled Servers on the Grid},
	volume = {20},
	year = {2006} 
}

@InProceedings{burns94:_lam,
	author       = {Greg Burns and Raja Daoud and James Vaigl},
	title        = {{LAM}: {A}n {O}pen {C}luster {E}nvironment for {MPI}},
	booktitle    = {Proceedings of Supercomputing Symposium},
	pages        = {379--386},
	year         = {1994},
	url          = {{\tt http://www.lam-mpi.org/download/files/lam-papers.tar.gz}}
}

@misc{mpich,
  title =  "{MPICH}",
  howpublished = {\url{http://www-unix.mcs.anl.gov/mpi}}
}


@misc{mpich2,
  title =  "{MPICH2}",
  howpublished = {\url{http://www.mcs.anl.gov/research/projects/mpich2}}
}

@misc{gridmpi,
  title =  "{GridMPI}",
  howpublished = {\url{http://www.gridmpi.org}}
}

@Book{Beisel97,
  author =       {Thomas Beisel and Edgar Gabriel and Michael Resch},
  title =        {An Extension to MPI for Distributed Computing on MPPs},
  year =         {1997},
  publisher =    {Springer},
  series =       {Lecture Notes in Computer Science},
}

@Article{Karonis03,
	author =       {N. Karonis and B. Toonen and Ian Foster},
	title =        {{MPICH-G2}: A Grid-Enabled Implementation of the Message Passing Interface},
	journal =      {Journal of Parallel and Distributed Computing},
	year =         {2003},
	volume =       {63},
	number =       {5},
	pages =        {551--563},
}

@inproceedings{baker06,
  author    = {Mark Baker and
               Bryan Carpenter and
               Aamir Shafi},
  title     = {{MPJ} {E}xpress: Towards Thread Safe {J}ava {HPC}},
  booktitle = {CLUSTER},
  year      = {2006},
  ee        = {http://dx.doi.org/10.1109/CLUSTR.2006.311890},
  crossref  = {DBLP:conf/cluster/2006},
  bibsource = {DBLP, http://dblp.uni-trier.de}
}

@proceedings{DBLP:conf/cluster/2006,
  title     = {Proceedings of the 2006 IEEE International Conference on
               Cluster Computing, September 25-28, 2006, Barcelona, Spain},
  booktitle = {CLUSTER},
  publisher = {IEEE},
  year      = {2006},
  isbn      = {1-4244-0328-6},
  bibsource = {DBLP, http://dblp.uni-trier.de}
}



@Book{markus05,
  author =       {Markus Bornemann and Rob V. van Nieuwpoort and Thilo Kielmann},
  booktitle = {Recent Advances in Parallel Virtual Machine and Message Passing Interface},
  title =        {{MPJ/Ibis}: A Flexible and Efficient Message Passing Platform for Java},
  year =         {2005},
  volume =       {3666},
  pages =        {217--224},
  publisher =    {Springer},
  series =       {Lecture Notes in Computer Science},
}

@InProceedings{Gabriel2004,
	author       = {Edgar Gabriel and Graham E. Fagg and George Bosilca
		and Thara Angskun and Jack J. Dongarra and Jeffrey
			M. Squyres and Vishal Sahay and Prabhanjan Kambadur
			and Brian Barrett and Andrew Lumsdaine and Ralph
			H. Castain and David J. Daniel and Richard L. Graham
			and Timothy S. Woodall },
	title        = {Open {MPI}: Goals, Concept, and Design of a Next
		Generation {MPI} Implementation},
	booktitle    = {Proceedings, 11th European PVM/MPI Users' Group
		Meeting},
	year         = 2004,
	address      = {Budapest, Hungary},
	pages        = {97--104},
	month        = {September}
} 

@InBook{pdcg06,
	author = {Laurent Baduel and Fran\c{c}oise Baude and Denis Caromel and Arnaud Contes and Fabrice Huet and Matthieu Morel and Romain Quilici},
	OPTeditor = {Jos\'e C. Cunha and Omer F. Rana},
	title = {{Grid Computing: Software Environments and Tools}},
	chapter = {Programming, Deploying, Composing, for the Grid},
	publisher = {Springer-Verlag},
	YEAR = {2006},
	MONTH = {January},
	url={http://www-sop.inria.fr/oasis/proactive/userfiles/file/papers/ProgrammingComposingDeploying.pdf}
}

@article{Carpenter2000,
	journal={Concurrency: Practice and Experience},
	title={{MPJ}: {MPI}-like Message Passing for {J}ava},
	author= {Bryan Carpenter and Vladimir Getov and Glenn Judd and Tony Skjellum and Geoffrey Fox},
	month= sep,
	year={2000},
	volume={12},
	number={11},
	commented_pages={1019-1038},
	publisher = {},
	doi={},
}

@techreport{CAN00,
	author = "Sylvia Ratnasamy and Paul Francis and Mark Handley and Richard Karp and Scott Shenker",
	title = "A Scalable Content Addressable Network",
	number = "TR-00-010",
	address = "Berkeley, CA",
	year = "2000"
}

% Chord - General
@inproceedings{Chord01,
	author = "Ion Stoica and Robert Morris and David Karger and Frans Kaashoek and Hari Balakrishnan",
	title = "Chord: {A} Scalable {Peer-To-Peer} Lookup Service for Internet Applications",
	booktitle = "Proceedings of the 2001 ACM SIGCOMM Conference",
	pages = "149--160",
	year = "2001"
}

% Pastry - General
@article{Pastry01,
	author = "Antony Rowstron and Peter Druschel",
	title = "Pastry: Scalable, Decentralized Object Location, and Routing for Large-Scale Peer-to-Peer Systems",
	journal = "Lecture Notes in Computer Science",
	volume = "2218",
	pages = "329--350",
	year = "2001"
}

% Tapestry - General
@techreport{Tapestry01,
	author =       {B. Y. Zhao and J. D. Kubiatowicz and A. D. Joseph},
	title =        {Tapestry: An Infrastructure for Fault-tolerant
		Wide-area Location and Routing},
	institution =  {UC Berkeley},
	year =         2001,
	number =       {UCB/CSD-01-1141},
	month =        apr,
}

@inproceedings{ninf,
	author = {Satoshi Sekiguchi and Mitsuhisa Sato and Hidemoto Nakada and Umpei Nagashima},
	title = {--ninf--: Network base information library for globally high performance},
	booktitle = {Parallel Object-Oriented Methods and Applications (POOMA)},
	year = 1996,
	month = feb

}
@TECHREPORT{nug,
	AUTHOR = {Arnold, D. and Agrawal, S. and Blackford, S. and
		Dongarra, J. and Miller, M. and Seymour, K. and 
			Sagi, K. and Shi, Z. and Vadhiyar, S.},
	TITLE = {{U}sers' {G}uide to {N}et{S}olve {V}1.4.1},
	INSTITUTION = {University of Tennessee},
	YEAR = {2002},
	TYPE = {{I}nnovative {C}omputing {D}ept. {T}echnical {R}eport},
	MONTH = {June},
	ADDRESS = {Knoxville, TN},
	NUMBER = {ICL-UT-02-05} 
}



@inbook{Budhiraja93,
	author = {N. Budhiraja and F. Schneider and S. Toueg and K. Marzullo},
	title = {The Primary-Backup Approach. In S. Mullender, Distributed Systems},
	publisher = {Addison Wesley},
	chapter = {8},
	pages = {199--216},
	year = {1993},
}


@misc{freenet,
  title =  "{The Freenet Project}",
  howpublished = {\url{http://freenetproject.org}},
}

@misc{setiathome,
  title =  "{SETI@home}",
  howpublished = {\url{http://setiathome.berkeley.edu}},
}

@misc{egee-site,
	title = "EGEE ({E}nabling {G}rids for {E}-scienc{E})",
	howpublished = {\url{http://www.eu-egee.org/}}
}



@inproceedings{oceanstore,
	author = {John Kubiatowicz and David Bindel and Yan Chen and Steven Czerwinski and Patrick Eaton and Dennis Geels and Ramakrishna Gummadi and Sean Rhea and Hakim Weatherspoon and Westley Weimer and Chris Wells and Ben Zhao},
	title = {OceanStore: An Architecture for Global-Scale Persistent Storage},
	booktitle = {the Ninth international conferance on Architectural Support for Programming Languages and Operating Systems (ASPLOS)},
	year = {2000},
	month = nov,
}

@article{Chandra96,
	author = {Tushar Deepak Chandra and Sam Toueg},
	title = {Unreliable failure detectors for reliable distributed systems},
	journal = {J. ACM},
	volume = {43},
	number = {2},
	year = {1996},
	issn = {0004-5411},
	pages = {225--267},
	doi = {http://doi.acm.org/10.1145/226643.226647},
	publisher = {ACM Press},
	address = {New York, NY, USA},
}

@article{Thain2005,
      author={Douglas Thain and Todd Tannenbaum and Miron Livny},
      title="{Distributed computing in practice: the Condor experience}",
      journal="{Concurrency and Computation: Practice and Experience}",
      volume={17},
      number={2-4},
      pages={323--356},
      year={2005},
      publisher={Wiley},
      doi={DOI: 10.1002/cpe.938},
}

@Techreport{Bailey94,
	author={D. Bailey and E. Barszcz and J. Barton and D. Browning and R. Carter and L. Dagum and R. and Fatoohi and S. Fineberg and P. Frederickson and T. Lasinski and R. Schreiber and H. Simon and V. Venkatakrishnan and S. Weeratunga},
	title={The {NAS} {P}aralell {B}enchmarks},
	institution = {NASA Ames Research Center},
	year={1994},
	month={March},
	number = {RNR-94-007},
}

@article{Thakur05,
	journal={International Journal of High Performance Computing Applications},
	title={Optimization of Collective Communication Operation in MPICH},
	author= {Rajeev Thakur and R. Rabenseifner and William Gropp},
	month= feb,
	year={2005},
	volume={19},
	number={1},
	pages={49--66},
	publisher = {SAGE},
	doi={DOI:10.1177/1094342005051521},
}

@misc{grid5000,
	title = "Grid5000",
	howpublished = {\url{http://www.grid5000.fr/}}
}

@misc{kadeploy,
	title = "Kadeploy2",
	howpublished={\url{http://www-id.imag.fr/Logiciels/kadeploy/}}
}
@misc{renater,
	title="RENATER: Le Réseau National de Télécommunications pour la Technologies, l'Enseignement et la Recherche",
	howpublished={\url{http://www.renater.fr/}}
}
@inproceedings{Matsuda2006,
  author    = {Motohiko Matsuda and
               Tomohiro Kudoh and
               Yuetsu Kodama and
               Ryousei Takano and
               Yutaka Ishikawa},
  title     = {Efficient MPI Collective Operations for Clusters in Long-and-Fast
               Networks},
  booktitle = {CLUSTER},
  year      = {2006},
  ee        = {http://dx.doi.org/10.1109/CLUSTR.2006.311848},
  crossref  = {DBLP:conf/cluster/2006},
  bibsource = {DBLP, http://dblp.uni-trier.de}
}

@inproceedings{Rabenseifner2004,
  author    = {Rolf Rabenseifner},
  title     = {Optimization of Collective Reduction Operations},
  booktitle = {International Conference on Computational Science},
  year      = {2004},
  pages     = {1-9},
  ee        = {http://springerlink.metapress.com/openurl.asp?genre=article{\&}issn=0302-9743{\&}volume=3036{\&}spage=1},
  crossref  = {DBLP:conf/iccS/2004-1},
  bibsource = {DBLP, http://dblp.uni-trier.de}
}

@proceedings{DBLP:conf/iccS/2004-1,
  editor    = {Marian Bubak and
               G. Dick van Albada and
               Peter M. A. Sloot and
               Jack Dongarra},
  title     = {Computational Science - ICCS 2004, 4th International Conference,
               Krak{\'o}w, Poland, June 6-9, 2004, Proceedings, Part
               I},
  booktitle = {International Conference on Computational Science},
  publisher = {Springer},
  series    = {Lecture Notes in Computer Science},
  volume    = {3036},
  year      = {2004},
  isbn      = {3-540-22114-X},
  bibsource = {DBLP, http://dblp.uni-trier.de}
}
@inproceedings{Barnett1994,
  author    = {Michael Barnett and
               Lance Shuler and
               Satya Gupta and
               David G. Payne and
               Robert A. van de Geijn and
               Jerrell Watts},
  title     = {Building a high-performance collective communication library},
  booktitle = {SC},
  year      = {1994},
  pages     = {107-116},
  ee        = {http://portal.acm.org/citation.cfm?id=198354.198389},
  bibsource = {DBLP, http://dblp.uni-trier.de}
}
@inproceedings{Cappello2005,
  author    = {Franck Cappello and
               Eddy Caron and
               Michel J. Dayd{\'e} and
               Fr{\'e}d{\'e}ric Desprez and
               Yvon J{\'e}gou and
               Pascale Vicat-Blanc Primet and
               Emmanuel Jeannot and
               St{\'e}phane Lanteri and
               Julien Leduc and
               Nouredine Melab and
               Guillaume Mornet and
               Raymond Namyst and
               Benjamin Qu{\'e}tier and
               Olivier Richard},
  title     = {Grid'5000: a large scale and highly reconfigurable grid
               experimental testbed},
  booktitle = {GRID},
  year      = {2005},
  pages     = {99-106},
  ee        = {http://dx.doi.org/10.1109/GRID.2005.1542730},
  crossref  = {DBLP:conf/grid/2005},
  bibsource = {DBLP, http://dblp.uni-trier.de}
}

@proceedings{DBLP:conf/grid/2005,
  title     = {6th IEEE/ACM International Conference on Grid Computing
               (GRID 2005), November 13-14, 2005, Seattle, Washington,
               USA, Proceedings},
  booktitle = {GRID},
  publisher = {IEEE},
  year      = {2005},
  isbn      = {0-7803-9493-3},
  bibsource = {DBLP, http://dblp.uni-trier.de}
}

@inproceedings{Allen01,
      author      = {Gabrielle Allen and Thomas Dramlitsch and Ian Foster and Nicholas T. Karonis and Matei Ripeanu and Edward Seidel and Brian Toonen},
      title       = {Supporting Efficient Execution in Heterogeneous Distributed Computing Environment with Cactus and Globus},
      booktitle   = {Proceedings of SuperComputing 2001},
      publisher   = {ACM/IEEE},
      pages       = {52},
      year  = {2001},
      location    = {Denver},
      month       = {November},
}

@inproceedings{Fedak01,
        author    = {Gilles Fedak and
                C{\'e}cile Germain and
                        Vincent N{\'e}ri and
                        Franck Cappello},
        title     = {XtremWeb: A Generic Global Computing System},
        booktitle = {CCGRID},
        year      = {2001},
        pages     = {582-587},
        ee        = {http://csdl.computer.org/comp/proceedings/ccgrid/2001/1010/00/10100582abs.htm},
        crossref  = {DBLP:conf/ccgrid/2001},
        bibsource = {DBLP, http://dblp.uni-trier.de}
}

@proceedings{DBLP:conf/ccgrid/2001,
        title     = {First IEEE International Symposium on Cluster Computing
                and the Grid (CCGrid 2001), May 15-18, 2001, Brisbane, Australia},
        booktitle = {CCGRID},
        publisher = {IEEE Computer Society},
        year      = {2001},
        bibsource = {DBLP, http://dblp.uni-trier.de}
}

@inproceedings{Nieuwpoort02,
        author    = {Rob van Nieuwpoort and Jason Maassen and Rutger F. H. Hofman and Thilo Kielmann and
                        Henri E. Bal},
        title     = {Ibis: an efficient Java-based grid programming environment},
        booktitle = {Java Grande},
        year      = {2002},
        pages     = {18-27},
        ee        = {http://doi.acm.org/10.1145/583810.583813},
        crossref  = {DBLP:conf/java/2002},
        bibsource = {DBLP, http://dblp.uni-trier.de}
}

@proceedings{DBLP:conf/java/2002,
        editor    = {Jos{\'e} E. Moreira and
                Geoffrey Fox and
                        Vladimir Getov},
        title     = {Proceedings of the 2002 Joint ACM-ISCOPE Conference on Java
                Grande 2002,  Seattle, Washington, USA, November 3-5, 2002},
        booktitle = {Java Grande},
        publisher = {ACM},
        year      = {2002},
        isbn      = {1-58113-599-8},
        bibsource = {DBLP, http://dblp.uni-trier.de}
}
@inproceedings{Seymour2002,
  author    = {Keith Seymour and
               Hidemoto Nakada and
               Satoshi Matsuoka and
               Jack Dongarra and
               Craig A. Lee and
               Henri Casanova},
  title     = {Overview of GridRPC: A Remote Procedure Call API for Grid
               Computing},
  booktitle = {GRID},
  year      = {2002},
  pages     = {274-278},
  ee        = {http://link.springer.de/link/service/series/0558/bibs/2536/25360274.htm},
  crossref  = {DBLP:conf/grid/2002},
  bibsource = {DBLP, http://dblp.uni-trier.de}
}

@proceedings{DBLP:conf/grid/2002,
  editor    = {Manish Parashar},
  title     = {Grid Computing - GRID 2002, Third International Workshop,
               Baltimore, MD, USA, November 18, 2002, Proceedings},
  booktitle = {GRID},
  publisher = {Springer},
  series    = {Lecture Notes in Computer Science},
  volume    = {2536},
  year      = {2002},
  isbn      = {3-540-00133-6},
  bibsource = {DBLP, http://dblp.uni-trier.de}
}

@Conference{Shudo05,
      author = {Kazuyuki Shudo and Yoshio Tanaka and Satoshi Sekiguchi},
      title =  {P3: {P2P}-based Middleware Enabling Transfer and Aggregation of Computational Resource},
      booktitle = {5th Intl. Workshop on Global and Peer-to-Peer Computing, in conjunc. with CCGrid05},
      publisher = {IEEE},
      year = {2005},
      month= may,
} 
@book{Geist94,
	address = {Cambridge, Mass.},
	author = {Geist, A.  and Beguelin, A.  and Dongarra, Jack   and Jiang, W.  and Manchek, R.  and Sunderam, V. },
	citeulike-article-id = {2236863},
	keywords = {1994, cs244r, parallel},
	priority = {2},
	publisher = {MIT Press},
	title = {PVM Parallel Virtual Machine, {A} User's Guide and Tutorial for Networked Parallel Computing},
	url = {http://citeseer.ist.psu.edu/59958.html},
	year = {1994}
}



@InProceedings{Antoniu2007,
author      = {Gabriel Antoniu and Loïc Cudennec and Mike Duigou and Mathieu Jan},
title       = {Performance scalability of the {JXTA P2P} framework},
booktitle   = {Proc. 21st IEEE International Parallel and Distributed Processing Symposium (IPDPS 2007)},
year        = {2007},
month       = mar,
ADDRESS     = {Long Beach, CA, USA},
}


@misc{Traversat2003,
author={Bernard Traversat and Ahkil Arora and Mohamed Abdelaziz and Mike Duigou and Carl Haywood and Jean-Christophe Hugly and  Eric Pouyoul and Bill Yeager},
title={Project JXTA 2.0 Super-Peer Virtual Network},
url={http://www.jxta.org/project/www/docs/JXTA2.0protocols1.pdf},
month = may,
year= 2003,
}

@article{Ranganathan01,
        author = {Sridharan Ranganathan and Alan D. George and Robert W. Todd and Matthew C. Chidester},
        title = {Gossip-Style Failure Detection and Distributed Consensus for Scalable Heterogeneous Clusters},
        journal = {Cluster Computing},
        volume = {4},
        number = {3},
        year = {2001},
        issn = {1386-7857},
        pages = {197--209},
        doi = {http://dx.doi.org/10.1023/A:1011494323443},
        publisher = {Kluwer Academic Publishers},
        address = {Hingham, MA, USA},
}

@article{icps-2008-188,
        title = "Exploitation of a parallel clustering algorithm on commodity hardware with {P2P}-{MPI}",
        author= {Stéphane Genaud and Pierre Gançarski and Guillaume Latu and Alexandre Blansché and Choopan Rattanapoka and Damien Vouriot},
        doi = "10.1007/s11227-007-0136-2",
        journal = "The Journal of SuperComputing",
        volume = 43,
        number = 1,
        publisher = "Springer",
        issn = "0920-8542 (Print)",
        month = jan,
        year  = 2008,
}
@article{icps-2007-182,
	title = "P2P-MPI: A Peer-to-Peer Framework for Robust Execution of Message Passing Parallel Programs on Grids",
	author= {St\'{e}phane Genaud and Choopan Rattanapoka},
 	doi = "10.1007/s10723-006-9056-2",
 	journal = "Journal of Grid Computing",
	volume = "5",
	number = "1",
	pages= "27-42",
	publisher = "Springer",
	issn = "1570-7873",
	month = "",
	year  = "2007",
}
@inproceedings{Rhea2004,
        author = {Sean Rhea and Dennis Geels and Timothy Roscoe and John Kubiatowicz},
        title = {Handling churn in a {DHT}},
        booktitle = {ATEC'04: Proceedings of the USENIX Annual Technical Conference 2004 on USENIX Annual Technical Conference},
        year = {2004},
        pages = {10--10},
        location = {Boston, MA},
        publisher = {USENIX Association},
        address = {Berkeley, CA, USA},
        keyword = {Bamboo},
}

@article{Caromel2007,
        author={Denis Caromel and Alexandre di Costanzo and Clement Mathieu},
        title={Peer-to-peer for computational grids: mixing clusters and desktop machines},
        journal={Parallel Computing},
        publisher={Elsevier},
        volume=33,
        number={4-5},
        year={2007},
        month=may,
        pages={275-288},
}
@inproceedings{Jeanvoine2007a,
      address = {Rennes, France},
            title = {Vigne: Executing Easily and Efficiently a Wide Range of Distributed Applications in Grids},
                  booktitle = {Proceedings of Euro-Par 2007},
                  author = {Emmanuel Jeanvoine and Christine Morin and Daniel Leprince},
                  year = {2007},
                  pages = {394-403}
},

        @inproceedings{Srinivas2006,
                author    = {M. Venkateswara Reddy and
                        A. Vijay Srinivas and
                                Tarun Gopinath and
                                D. Janakiram},
                title     = {Vishwa: A reconfigurable P2P middleware for Grid Computations},
                booktitle = {ICPP},
                year      = {2006},
                pages     = {381-390},
                ee        = {http://doi.ieeecomputersociety.org/10.1109/ICPP.2006.75},
                crossref  = {DBLP:conf/icpp/2006},
                bibsource = {DBLP, http://dblp.uni-trier.de}
        }

@proceedings{DBLP:conf/icpp/2006,
        title     = {2006 International Conference on Parallel Processing (ICPP
                        2006), 14-18 August 2006, Columbus, Ohio, USA},
        booktitle = {ICPP},
        publisher = {IEEE Computer Society},
        year      = {2006},
        isbn      = {0-7695-2636-5},
        bibsource = {DBLP, http://dblp.uni-trier.de}
}


@inproceedings{Drost2006,
        title = {Simple Locality-Aware Co-allocation in Peer-to-Peer Supercomputing},
        url = {http://doi.ieeecomputersociety.org/10.1109/CCGRID.2006.167},
        booktitle = {Sixth IEEE International Symposium on Cluster Computing and the Grid Workshops (CCGRID'06)  },
        publisher = {IEEE},
        author = {Niels Drost and Rob V. van Nieuwpoort and Henri Bal},
        year = {2006},
}
@article{blansche05prl,
      author = {Alexandre Blansch\'e and Pierre Gan\c{c}arski},
      title = {{MACLAW}: A Modular Approach for Clustering with Local Attribute Weighting},
      journal = {Pattern Recognition Letters},
      publisher = {Elsevier},
      volume = {27},
      number = {11},
      pages = {1299--1306},
      year = {2006},
}
@inproceedings{Eyraud-Dubois07,
  author    = {Lionel Eyraud-Dubois and
               Arnaud Legrand and
               Martin Quinson and
               Fr{\'e}d{\'e}ric Vivien},
  title     = {A First Step Towards Automatically Building Network Representations},
  booktitle = {Euro-Par},
  year      = {2007},
  pages     = {160-169},
  ee        = {http://dx.doi.org/10.1007/978-3-540-74466-5_18},
  crossref  = {DBLP:conf/europar/2007},
  bibsource = {DBLP, http://dblp.uni-trier.de}
}

@proceedings{DBLP:conf/europar/2007,
  editor    = {Anne-Marie Kermarrec and
               Luc Boug{\'e} and
               Thierry Priol},
  title     = {Euro-Par 2007, Parallel Processing, 13th International Euro-Par
               Conference, Rennes, France, August 28-31, 2007, Proceedings},
  booktitle = {Euro-Par},
  publisher = {Springer},
  series    = {Lecture Notes in Computer Science},
  volume    = {4641},
  year      = {2007},
  isbn      = {978-3-540-74465-8},
  bibsource = {DBLP, http://dblp.uni-trier.de}
}

@article{defago04,
  author    = {Xavier D{\'e}fago and
               Andr{\'e} Schiper and
               P{\'e}ter Urb{\'a}n},
  title     = {Total order broadcast and multicast algorithms: Taxonomy
               and survey},
  journal   = {ACM Comput. Surv.},
  volume    = {36},
  number    = {4},
  year      = {2004},
  pages     = {372-421},
  ee        = {http://doi.acm.org/10.1145/1041680.1041682},
  bibsource = {DBLP, http://dblp.uni-trier.de}
}
@Article{Sankaran05,
  author =    {Sriram Sankaran and Jeffrey M. Squyres and Brian Barrett and Andrew Lumsdaine and Jason Duell and Paul Hargrove and Eric Roman},
  title =     {The {LAM/MPI} Checkpoint/Restart Framework: System-Initiated Checkpointing},
  journal =   {International Journal of High Performance Computing Applications},
  year =      2005,
  volume =    19,
  number =    4,
  pages =     {479--493},
  month =     {Winter},
  keywords =  {MPI, checkpoint/restart, rollback-recovery},
}

@article{cristian95,
  author    = {Flaviu Cristian and
               Houtan Aghili and
               H. Raymond Strong and
               Danny Dolev},
  title     = {Atomic Broadcast: From Simple Message Diffusion to Byzantine
               Agreement},
  journal   = {Inf. Comput.},
  volume    = {118},
  number    = {1},
  year      = {1995},
  pages     = {158-179},
  bibsource = {DBLP, http://dblp.uni-trier.de}
}

@techreport{hadzilacos94,
    author = "Vassos Hadzilacos and Sam Toueg",
    title = "A Modular Approach to Fault-Tolerant Broadcasts and Related Problems",
    number = "TR94-1425",
    pages = "83",
    year = "1994",
    url = "citeseer.ist.psu.edu/hadzilacos94modular.html" 
}
@inproceedings{Anderson04,
  author    = {David P. Anderson},
  title     = {BOINC: A System for Public-Resource Computing and Storage},
  booktitle = {5th International Workshop on Grid Computing (GRID 2004)},
  year      = {2004},
  pages     = {4-10},
  ee        = {http://doi.ieeecomputersociety.org/10.1109/GRID.2004.14},
  crossref  = {DBLP:conf/grid/2004},
  bibsource = {DBLP, http://dblp.uni-trier.de}
}

@proceedings{DBLP:conf/grid/2004,
  editor    = {Rajkumar Buyya},
  title     = {5th International Workshop on Grid Computing (GRID 2004),
               8 November 2004, Pittsburgh, PA, USA, Proceedings},
  booktitle = {GRID},
  publisher = {IEEE Computer Society},
  year      = {2004},
  isbn      = {0-7695-2256-4},
  bibsource = {DBLP, http://dblp.uni-trier.de}
}

@inproceedings{DBLP:conf/europar/Erwin01,
  author    = {Dietmar W. Erwin and
               David F. Snelling},
  title     = {UNICORE: A Grid Computing Environment},
  booktitle = {Euro-Par},
  year      = {2001},
  pages     = {825-834},
  ee        = {http://link.springer.de/link/service/series/0558/bibs/2150/21500825.htm},
  crossref  = {DBLP:conf/europar/2001},
  bibsource = {DBLP, http://dblp.uni-trier.de}
}

@proceedings{DBLP:conf/europar/2001,
  editor    = {Rizos Sakellariou and
               John Keane and
               John R. Gurd and
               Len Freeman},
  title     = {Euro-Par 2001: Parallel Processing, 7th International Euro-Par
               Conference Manchester, UK August 28-31, 2001, Proceedings},
  booktitle = {Euro-Par},
  publisher = {Springer},
  series    = {Lecture Notes in Computer Science},
  volume    = {2150},
  year      = {2001},
  isbn      = {3-540-42495-4},
  bibsource = {DBLP, http://dblp.uni-trier.de}
}
@inproceedings{Foster03,  
  author    = {Ian T. Foster and
               Adriana Iamnitchi},
  title     = {On Death, Taxes, and the Convergence of Peer-to-Peer and Grid Computing},
  booktitle = {Peer-to-Peer Systems II, Second International Workshop, IPTPS},
  year      = {2003},
  pages     = {118-128},
  ee        = {http://springerlink.metapress.com/openurl.asp?genre=article{\&}issn=0302-9743{\&}volume=2735{\&}spage=118},
  crossref  = {DBLP:conf/iptps/2003},
  bibsource = {DBLP, http://dblp.uni-trier.de}
}

@proceedings{DBLP:conf/iptps/2003,
  editor    = {M. Frans Kaashoek and
               Ion Stoica},
  title     = {Peer-to-Peer Systems II, Second International Workshop,
               IPTPS 2003, Berkeley, CA, USA, February 21-22,2003, Revised
               Papers},
  booktitle = {IPTPS},
  publisher = {Springer},
  series    = {Lecture Notes in Computer Science},
  volume    = {2735},
  year      = {2003},
  isbn      = {3-540-40724-3},
  bibsource = {DBLP, http://dblp.uni-trier.de}
}
@inproceedings{icps-2008-193,
	title = "Large-Scale Experiment of Co-allocation Strategies for Peer-to-Peer Supercomputing in P2P-MPI",
	author= "Stéphane Genaud and Choopan Rattanapoka",
 	booktitle = "5th High Performance Grid Computing International Workshop, IPDPS conference proceedings",
 	publisher = "IEEE ",
	location = "Miami",
	month = "April",
	year  = "2008",
}


@inproceedings{Nurmi05,
  author    = {Daniel Nurmi and
               John Brevik and
               Richard Wolski},
  title     = {Modeling Machine Availability in Enterprise and Wide-Area
               Distributed Computing Environments},
  booktitle = {Euro-Par},
  year      = {2005},
  pages     = {432-441},
  ee        = {http://dx.doi.org/10.1007/11549468_50},
  crossref  = {DBLP:conf/europar/2005},
  bibsource = {DBLP, http://dblp.uni-trier.de}
}
@proceedings{DBLP:conf/europar/2005,
  editor    = {Jos{\'e} C. Cunha and
               Pedro D. Medeiros},
  title     = {Euro-Par 2005, Parallel Processing, 11th International Euro-Par
               Conference, Lisbon, Portugal, August 30 - September 2, 2005,
               Proceedings},
  booktitle = {Euro-Par},
  publisher = {Springer},
  series    = {Lecture Notes in Computer Science},
  volume    = {3648},
  year      = {2005},
  isbn      = {3-540-28700-0},
  bibsource = {DBLP, http://dblp.uni-trier.de}
}

@phdthesis{Rattanapoka08,
      title={{P2P}-{MPI}: A Fault-tolerant Mesasges Passing Interface Implementation for Grids},
      author={Choopan Rattanapoka},
      school={University Louis Pasteur, Strasbourg},
      year=2008,
      month=apr,
}
@inproceedings{icps-2007-185,
	title = {Fault Management in P2P-MPI},
	author= {Stéphane Genaud and Choopan Rattanapoka},
	booktitle = {In proceedings of International Conference on Grid and Pervasive Computing, GPC'07},
	series = {Lecture Notes in Computer Science},
	publisher = {Springer},
	location = {Paris},
	month = {May},
	year  = {2007},
}


@inproceedings{icps-2009-214,
	title = "Evaluation of Replication and Fault Detection in P2P-MPI",
	author= "Stéphane Genaud and Choopan Rattanapoka",
 	booktitle = "6th High Performance Grid Computing International Workshop, IPDPS conference proceedings",
 	publisher = "IEEE",
	location = "Rome, Italy",
	month = "May",
	year  = "2009",
}


@article{icps-2009-217,
	title = "Fault management in P2P-MPI",
	author= "Stéphane Genaud and Emmanuel Jeannot and Choopan Rattanapoka",
 	doi = "10.1007/s10766-009-0115-8",
 	journal = "International Journal of Parallel Programming",
	volume = "37",
	number = "5",
	pages= "433--461",
	publisher = "Springer",
	month = "August",
	year  = "2009",
}


@inproceedings{Rabenseifner04PVMMPI,
title={More Efficient Reduction Algorithms for Non-Power-of-Two Number of Processors in Message-Passing Parallel Systems
Book Series Lecture Notes in Computer Science},
author={Rolf Rabenseifner and Jesper Larsson Tr\"{a}ff},
booktitle={Recent Advances in Parallel Virtual Machine and Message Passing Interface},
publisher={Springer},
series = {LNCS},
volume = 3241,
doi ={10.1007/b100820},
pages={36--46},
year={2004},
}

%%%------------------------ C O M P O N E N T S -------------------------------
@inproceedings{ReneP99,
  author    = {Christophe Ren{\'e} and
               Thierry Priol},
  title     = {MPI Code Encapsulating using Parallel CORBA Object},
  booktitle = {HPDC},
  year      = {1999},
  ee        = {http://computer.org/proceedings/hpdc/0287/02870001abs.htm},
  bibsource = {DBLP, http://dblp.uni-trier.de}
}

@article{DenisPP03,
  author    = {Alexandre Denis and
               Christian P{\'e}rez and
               Thierry Priol},
  title     = {PadicoTM: an open integration framework for communication
               middleware and runtimes},
  journal   = {Future Generation Comp. Syst.},
  volume    = {19},
  number    = {4},
  year      = {2003},
  pages     = {575-585},
  ee        = {http://dx.doi.org/10.1016/S0167-739X(03)00034-7},
  bibsource = {DBLP, http://dblp.uni-trier.de}
}
%%%%------------- W O R K F L O W S -----------------------------------------
@inproceedings{KurzyniecSM02,
  author    = {Dawid Kurzyniec and
               Vaidy S. Sunderam and
               Mauro Migliardi},
  title     = {PVM Emulation in the Harness Metacomputing Framework - Design
               and Performance Evaluation},
  booktitle = {2nd IEEE International Symposium on Cluster Computing and
               the Grid (CCGrid 2002)},
  publisher = {IEEE Computer Society},
  location  = "Berlin, Germany",
  year      = 2002,
  month     = may,
  pages     = {282-283},
}

@article{BadiaLSPCG03,
  author    = {Rosa M. Badia and
               Jes{\'u}s Labarta and
               Ra{\'u}l Sirvent and
               Josep M. P{\'e}rez and
               Jos{\'e} M. Cela and
               Rogeli Grima},
  title     = {Programming Grid Applications with GRID Superscalar},
  journal   = {J. Grid Comput.},
  volume    = {1},
  number    = {2},
  year      = {2003},
  pages     = {151-170},
  ee        = {http://dx.doi.org/10.1023/B:GRID.0000024072.93701.f3},
  bibsource = {DBLP, http://dblp.uni-trier.de}
}

@inproceedings{TaylorSWP03,
  author    = {Ian J. Taylor and
               Matthew S. Shields and
               Ian Wang and
               Roger Philp},
  title     = {Distributed P2P Computing within Triana: A Galaxy Visualization
               Test Case},
  booktitle = {IPDPS},
  year      = {2003},
  pages     = {16},
  ee        = {http://csdl.computer.org/comp/proceedings/ipdps/2003/1926/00/19260016aabs.htm},
  crossref  = {DBLP:conf/ipps/2003},
  bibsource = {DBLP, http://dblp.uni-trier.de}
}

@proceedings{DBLP:conf/ipps/2003,
  title     = {17th International Parallel and Distributed Processing Symposium
               (IPDPS 2003), 22-26 April 2003, Nice, France, CD-ROM/Abstracts
               Proceedings},
  booktitle = {IPDPS},
  publisher = {IEEE Computer Society},
  year      = {2003},
  isbn      = {0-7695-1926-1},
  bibsource = {DBLP, http://dblp.uni-trier.de}
}

@book{Parashar06,
 author = {Manish Parashar and Salim Hariri},
 title = {Autonomic Computing},
 year = 2006,
 isbn = {0849393671},
 publisher = {CRC Press, Inc.},
 address = {Boca Raton, FL, USA},
}


@article{Kephart03,
  author = {Jeffrey O. Kephart and\
            David M. Chess},
 title = {The Vision of Autonomic Computing},
 journal={IEEE Computer},
 month=jan,
 year = 2003,
 publisher = {IEEE},
 }



@misc{Foster2002,
        abstract = {In both e-business and e-science, we often need to integrate services across distributed, heterogeneous, dynamic "virtual organizations" formed from the disparate resources within a single enterprise and/or from external resource sharing and service provider relationships. This integration can be technically challenging because of the need to achieve various qualities of service when running on top of different native platforms. We present an Open Grid Services Architecture that addresses these ...},
        author = {Foster, I.  and Kesselman, C.  and Nick, J.  and Tuecke, S. },
        citeulike-article-id = {851423},
        keywords = {grid-computing},
        posted-at = {2007-06-21 13:32:54},
        priority = {2},
        title = {The Physiology of the Grid: An Open Grid Services Architecture for Distributed Systems Integration},
        url = {http://citeseer.ist.psu.edu/foster02physiology.html},
        year = {2002}
}

@inproceedings{Mahinthakumar99,
author = {G. Mahinthakumar and Forrest M. Hoffman and William W. Hargrove and Nicholas T. Karonis},
title = {Multivariate Geographic Clustering in A Metacomputing Environment Using Globus},
booktitle ={SuperComputing Conference},
year = 1999,
pages = {5},
doi = {http://doi.ieeecomputersociety.org/10.1109/SC.1999.10014},
publisher = {IEEE Computer Society},
address = {Los Alamitos, CA, USA},
}
       
           
@phdthesis{icps-2004-142,
    author = {Arnaud Giersch},
    title = {Ordonnancement sur plates-formes h{\'e}t{\'e}rog{\`e}nes de t{\^a}ches partageant des donn{\'e}es}, 
    type = {Th\`ese de doctorat},
    school = {Universit{\'e} Louis Pasteur},
    address = {Strasbourg, France},
    year = 2004,
    month = dec,
    url = {http://info.iut-bm.univ-fcomte.fr/staff/giersch/these.html},
    ps = {http://info.iut-bm.univ-fcomte.fr/staff/giersch/publications/these-agiersch.ps.gz},
    pdf = {http://info.iut-bm.univ-fcomte.fr/staff/giersch/publications/these-agiersch.pdf}
}


@inproceedings{DBLP:conf/cluster/HablotGMGP07,
  author    = {Ludovic Hablot and
               Olivier Gl{\"u}ck and
               Jean-Christophe Mignot and
               St{\'e}phane Genaud and
               Pascale Vicat-Blanc Primet},
 title     = {Comparison and tuning of MPI implementations in a grid context},
 booktitle = {CLUSTER},
 year      = {2007},
 pages     = {458-463},
 ee        = {http://dx.doi.org/10.1109/CLUSTR.2007.4629265},
 crossref  = {DBLP:conf/cluster/2007},
 bibsource = {DBLP, http://dblp.uni-trier.de}
}

@proceedings{DBLP:conf/cluster/2007,
   title     = {Proceedings of the 2007 IEEE International Conference on
               Cluster Computing, 17-20 September 2007, Austin, Texas, USA},
   booktitle = {CLUSTER},
   publisher = {IEEE},
   year      = {2007},
   bibsource = {DBLP, http://dblp.uni-trier.de}
}


@inproceedings{DBLP:conf/grid/KondoAA08,
  author    = {Derrick Kondo and
               Artur Andrzejak and
               David P. Anderson},
  title     = {On correlated availability in Internet-distributed systems},
  booktitle = {GRID},
  year      = {2008},
  pages     = {276-283},
  ee        = {http://dx.doi.org/10.1109/GRID.2008.4662809},
  crossref  = {DBLP:conf/grid/2008},
  bibsource = {DBLP, http://dblp.uni-trier.de}
}
@proceedings{DBLP:conf/grid/2008,
  title     = {9th IEEE/ACM International Conference on Grid Computing
               (Grid 2008), Tsukuba, Japan, September 29 - October 1, 2008},
  booktitle = {GRID},
  publisher = {IEEE},
  year      = {2008},
  bibsource = {DBLP, http://dblp.uni-trier.de}
}

@inproceedings{DBLP:conf/ic/SantoniK07,
  author    = {Daniel Santoni and
               Michael Katchabaw},
  title     = {Resource Matching in a Peer-to-Peer Computational Framework},
  booktitle = {International Conference on Internet Computing},
  year      = {2007},
  pages     = {89-95},
  crossref  = {DBLP:conf/ic/2007},
  bibsource = {DBLP, http://dblp.uni-trier.de}
}
@proceedings{DBLP:conf/ic/2007,
  editor    = {Hamid R. Arabnia and
               Victor A. Clincy and
               Joan Lu and
               Jan Smid},
  title     = {Proceedings of the 2007 International Conference on Internet
               Computing, ICOMP 2007, Las Vegas, Nevada, USA, June 25-28,
               2007},
  booktitle = {International Conference on Internet Computing},
  publisher = {CSREA Press},
  year      = {2007},
  isbn      = {1-60132-044-2},
  bibsource = {DBLP, http://dblp.uni-trier.de}
}

@inproceedings{icps-2002-20,
	title = "Parallel Seismic Ray-tracing in a Global Earth Mesh",
	author= "Marc Grunberg and Stéphane Genaud and Catherine Mongenet",
 	booktitle = "Proceedings of the 2002 Parallel and Distributed Processing Techniques and Applications (PDPTA'02)",
 	pages = "1151-1157",
	location = "Las Vegas",
	month = "June",
	year  = "2002",
}
@phdthesis{icps-1997-4,
	title = "Transformations de programmes Pei : applications au parallélisme de données",
	author= "Stéphane Genaud",
 	school = "Université Louis Pasteur, Strasbourg",
	month = "January",
	year  = "1997",
}

@inproceedings{icps-1994-46,
	title = "PEI: a theoretical framework for Data-Parallel Programming",
	author= "G.-R. Perrin and E. Violard and S. Genaud",
 	booktitle = "Workshop on Data-Parallel Languages and Compilers",
 	location = "Lille (France)",
	month = "May",
	year  = "1994",
}
@inproceedings{icps-1995-1,
	title = "Transformation techniques in PEI",
	author= "S. Genaud and E. Violard and G.-R. Perrin",
 	doi = "10.1007/BFb0020460",
 	booktitle = "EUROPAR'95",
 	series = "LNCS 966",
	publisher = "Springer-Verlag",
	pages = "131--142",
	editor = "S. Haridi, K. Ali, P. Magnusson",
	location = " Stockholm",
	month = "August",
	year  = "1995",
}
@inproceedings{icps-1997-3,
	title = "Refinement of data-parallel programs in PEI",
	author= "E. Violard and S. Genaud and G.-R. Perrin",
 	booktitle = "IFIP Working Conference on Algorithmic Language and Calculi",
 	publisher = "Chapman \& Hall Ed.",
	editor = "R. Bird and L. Meertens",
	month = "February",
	year  = "1997",
	note = "25 pages",
}
@article{icps-1996-2,
	title = "Transformations d'énoncés Pei",
	author= "Stéphane Genaud",
 	journal = "Technique et Science Informatiques",
	volume = "15",
	number = "5",
	pages= "601--618",
	publisher = "Hermes",
	month = "April",
	year  = "1996",
}
@techreport{icps-1998-5,
	title = "On deriving HPF Code from Pei programs",
	author= "S. Genaud",
 	number = "RR 98-05",
	institution = "ICPS-Université Louis Pasteur",
	month = "June",
	year  = "1998",
}
@article{icps-2004-107,
	title = "Seismic ray-tracing and Earth mesh modeling on various parallel architectures",
	author= "Marc Grunberg and Stéphane Genaud and Catherine Mongenet",
 	doi = "10.1023/B:SUPE.0000022571.28175.e9",
 	journal = "The Journal of Supercomputing",
	volume = "29",
	number = "1",
	pages= "27--44",
	publisher = "Kluwer Academic Pub. - Springer",
	issn = "0920-8542",
	month = "July",
	year  = "2004",
}
@inproceedings{icps-2002-62,
	title = "Source-code Transformations Strategies to Load-balance Grid Applications",
	author= "Romaric David and Stéphane Genaud and Arnaud Giersch and Frédéric Violard and Benjamin Schwarz",
 	booktitle = "Grid Computing - GRID'2002",
 	series = "Lecture Notes in Computer Science",
	volume = "2536",
	publisher = "Springer-Verlag",
	pages = "82--87",
	location = "Baltimore, MD, USA",
	month = "November",
	year  = "2002",
}
@inproceedings{icps-2003-75,
	title = "Load-Balancing Scatter Operations for Grid Computing",
	author= "Stéphane Genaud and Arnaud Giersch and Frédéric Vivien",
 	doi = "10.1109/IPDPS.2003.1213207",
 	booktitle = "Proceedings of 12th Heterogeneous Computing Workshop (HCW '03)",
 	publisher = "IEEE Computer Society Press",
	location = "Nice, France",
	month = "April",
	year  = "2003",
}
@article{icps-2004-125,
	title = "Load-balancing scatter operations for grid computing",
	author= "Stéphane Genaud and Arnaud Giersch and Frédéric Vivien",
 	doi = "10.1016/j.parco.2004.07.005",
 	journal = "Parallel Computing",
	volume = "30",
	number = "8",
	pages= "923--946",
	publisher = "North-Holland Elsevier",
	issn = "0167-8191",
	month = "August",
	year  = "2004",
}
@mastersthesis{icps-2004-139,
	title = "P2P-MPI : A Peer-to-Peer FrameWork for Robust Execution of Message Passing Parallel Programs on Grids",
	author= "Choopan Rattanapoka",
 	school = "Université Louis-Pasteur de Strasbourg",
	month = "July",
	year  = "2004",
}
@inproceedings{icps-2005-155,
	title = "A Peer-to-Peer Framework for Robust Execution of Message Passing Parallel Programs",
	author= "Stéphane Genaud and Choopan Rattanapoka",
 	doi = "10.1007/11557265_37",
 	booktitle = "EuroPVM/MPI 2005",
 	series = "LNCS",
	volume = "3666",
	publisher = "Springer-Verlag",
	pages = "276--284",
	editor = "B. Di Martino et al.",
	month = "September",
	year  = "2005",
}
@phdthesis{icps-2008-208,
	title = "P2P-MPI : A fault-tolerant Message  Passing Interface Implementation for Grids.",
	author= "Choopan Rattanapoka",
 	school = "University Louis Pasteur, Strasbourg",
	month = "April",
	year  = "2008",
}
@inproceedings{icps-2002-49,
	title = "Experiments in load balancing across the Grid via a code transformation",
	author= "E. Violard and R. David and B. Schwarz",
 	booktitle = "DAPSYS 2002",
 	publisher = "Kluwer",
	pages = "66--73",
	location = "Johannes Kepler University, Linz (Austria)",
	month = "September",
	year  = "2002",
}
@mastersthesis{icps-2006-180,
	title = "Mod\`ele de co\^ut des communications TCP \`a  un niveau applicatif",
	author= "Constantinos Makassikis",
 	school = "University Louis Pasteur of Strasbourg",
	month = "June",
	year  = "2006",
	note = "french text",
}

@inproceedings{icps-2004-112,
	title = "Scheduling tasks sharing files on heterogeneous master-slave platforms",
	author= "Arnaud Giersch and Yves Robert and Frédéric Vivien",
 	booktitle = "12th Euromicro Conference on Parallel, Distributed and Network based Processing (PDP 2004)",
 	publisher = "IEEE Computer Society Press",
	pages = "364--371",
	location = "A Coruña, Spain",
	month = "February",
	year  = "2004",
}

@article{Violard92b,
	author="Eric Violard and Guy-René Perrin",
      title={{PEI} : a language and its refinement calculus for parallel programming},
	journal={Parallel Computing},
	publisher={Elsevier},
	number={18},
	pages={1167--1184},
	year=1992,
}

@article{Violard94,
 author = {Violard, Eric and Perrin, Guy-René},
 title = {PEI: a simple unifying model to design parallel programs},
 journal = {Future Gener. Comput. Syst.},
 volume = {10},
 number = {2-3},
 year = {1994},
 issn = {0167-739X},
 pages = {269--272},
 doi = {http://dx.doi.org/10.1016/0167-739X(94)90027-2},
 publisher = {Elsevier Science Publishers B. V.},
 address = {Amsterdam, The Netherlands, The Netherlands},
 }


@inproceedings{Cappello07,
  author    = {Franck Cappello and
               Henri E. Bal},
  title     = {Toward an International "Computer Science Grid"},
  booktitle = {CCGRID},
  year      = {2007},
  pages     = {3-12},
  ee        = {http://dx.doi.org/10.1109/CCGRID.2007.115},
  crossref  = {DBLP:conf/ccgrid/2007},
  bibsource = {DBLP, http://dblp.uni-trier.de}
}
@proceedings{DBLP:conf/ccgrid/2007,
  title     = {Seventh IEEE International Symposium on Cluster Computing
               and the Grid (CCGrid 2007), 14-17 May 2007, Rio de Janeiro,
               Brazil},
  booktitle = {CCGRID},
  publisher = {IEEE Computer Society},
  year      = {2007},
  bibsource = {DBLP, http://dblp.uni-trier.de}
}

@inproceedings{Norbisrath08,
  author    = {Ulrich Norbisrath and
               Keio Kraaner and
               Eero Vainikko and
               Oleg Batrasev},
  title     = {Friend-to-Friend Computing - Instant Messaging Based Spontaneous
               Desktop Grid},
  booktitle = {ICIW},
  year      = {2008},
  pages     = {245-256},
  ee        = {http://doi.ieeecomputersociety.org/10.1109/ICIW.2008.87},
  crossref  = {DBLP:conf/iciw/2008},
  bibsource = {DBLP, http://dblp.uni-trier.de}
}
@proceedings{DBLP:conf/iciw/2008,
  editor    = {Abdelhamid Mellouk and
               Jun Bi and
               Guadalupe Ortiz and
               Dickson K. W. Chiu and
               Manuela Popescu},
  title     = {Third International Conference on Internet and Web Applications
               and Services, ICIW 2008, 8-13 June 2008, Athens, Greece},
  booktitle = {ICIW},
  publisher = {IEEE Computer Society},
  year      = {2008},
  isbn      = {978-0-7695-3163-2},
  bibsource = {DBLP, http://dblp.uni-trier.de}
}


@InProceedings{Barbosa00,
  author =       {Jorge G. Barbosa and Jo{\~a}o Tavares and Armando
                  Jorge Padilha},
  title =        {Linear Algebra Algorithms in Heterogeneous Cluster
                  of Personal Computers},
  crossref =     {hcw:2000},
  pages =        {147--159},
}

@InProceedings{Beaumont02,
  author =       {Olivier Beaumont and Larry Carter and Jeanne
                  Ferrante and Arnaud Legrand and Yves Robert},
  title =        {Bandwidth-centric allocation of independent tasks on
                  heterogeneous platforms},
  crossref =     {ipdps:2002},
  pages =        {0067},
}


@InProceedings{Foster98b,
  author =       {Ian Foster and Nicholas T. Karonis},
  title =        {A Grid-Enabled {MPI}: Message Passing in
                  Heterogeneous Distributed Computing Systems},
  crossref =     {supercomputing:1998},
}

@InProceedings{George99,
  author =       {William George},
  title =        {Dynamic Load-Balancing for Data-Parallel {MPI}
                  Programs},
  crossref =     {mpidc:1999},
}

@InProceedings{Goux00,
  author =       {Jean-Pierre Goux and Sanjeev Kulkarni and Jeff
                  Linderoth and Michael Yoder},
  title =        {An Enabling Framework for Master-Worker Applications
                  on the Computational Grid},
  crossref =     {hpdc:2000},
  pages =        {43--50}
}

@InProceedings{Grunberg02,
  author =       {Marc Grunberg and St{\'e}phane Genaud and Catherine
                  Mongenet},
  title =        {Parallel Seismic Ray-tracing in a Global Earth Mesh},
  crossref =     {pdpta:2002},
  volume =       {3},
  pages =        {1151--1157},
}

@article{Grunberg04,
  author =       {Marc Grunberg and St{\'e}phane Genaud and Catherine
                  Mongenet},
  title =        {Seismic ray-tracing and {E}arth mesh modelling on various parallel architectures},
  journal =      {The Journal of Supercomputing},
  publisher      = {Kluwer Academic Pub.},
  volume =       {29},
  number =       {1},
  year   =       {2004},
  month  =       {July},
  pages =        {27--44},
}


@InProceedings{Heymann01,
  author =       {Elisa Heymann and Miquel Angel Senar and Emilio
                  Luque and Miron Livny},
  title =        {Self-Adjusting Scheduling of Master-Worker
                  Applications on Distributed Clusters},
  crossref =     {europar:2001},
  pages =        {742--751}
}

@InProceedings{Husbands98,
  author =       {Parry Husbands and James C. Hoe},
  title =        {{MPI-StarT}: Delivering Network Performance to
                  Numerical Applications},
  crossref =     {supercomputing:1998},
}

@InProceedings{Karonis00,
  author =       {Nicholas T. Karonis and Bronis R. de Supinski and
                  Ian Foster and William Gropp and Ewing Lusk and John
                  Bresnahan},
  title =        {Exploiting Hierarchy in Parallel Computer Networks
                  to Optimize Collective Operation Performance},
  crossref =     {ipdps:2000},
  pages =        {377--384},
}

@Article{Kielmann99,
  author =       {Thilo Kielmann and Rutger F. H. Hofman and Henri
                  E. Bal and Aske Plaat and Raoul A. F. Bhoedjang},
  title =        {{MagPIe}: {MPI}'s collective communication
                  operations for clustered wide area systems},
  journal =      ser-SIGPLAN,
  volume =       {34},
  number =       {8},
  pages =        {131--140},
  month =        aug,
  year =         {1999},
}

@Article{Kim96,
  author =       {Hyoung Joong Kim and Gyu-In Jee and Jang Gyu Lee},
  title =        {Optimal Load Distribution for Tree Network
                  Processors},
  journal =      {IEEE Transactions on Aerospace and Electronic
                  Systems},
  volume =       {32},
  number =       {2},
  month =        apr,
  year =         {1996},
  pages =        {607--612},
}

@InProceedings{Shao00,
  author =       {Gary Shao and Francine Berman and Rich Wolski},
  title =        {Master/Slave Computing on the {Grid}},
  crossref =     {hcw:2000},
  pages =        {3--16}
}

@Article{Wolski99,
  author =       {Rich Wolski and Neil T. Spring and Jim Hayes},
  title =        {The Network Weather Service: A Distributed Resource
                  Performance Forecasting Service for Metacomputing},
  journal =      {Future Generation Computing Systems},
  year =         {1999},
  month =        oct,
  volume =       {15},
  pages =        {757--768},
  number =       {5-6},
}

%%% Misc

@TechReport{MPI95,
  author =       {{MPI Forum}},
  title =        {{MPI}: A Message Passing Interface Standard},
  institution =  {University of Tennessee},
  address =      {Knoxville, {TN}, {USA}},
  year =         {1995},
  month =        jun,
  anote =        {Version 1.1},
}

@book{Snir95,
 author = {Marc Snir and Steve W. Otto and David W. Walker and Jack Dongarra and Steven Huss-Lederman},
 title = {{MPI}: The Complete Reference},
 year = {1995},
 isbn = {0262691841},
 publisher = {MIT Press},
 address = {Cambridge, MA, USA},
 }


%%% Proceedings

@Proceedings{europar:2001,
  title =        {{E}uro-{P}ar 2001 Parallel Processing},
  booktitle =    {{E}uro-{P}ar 2001 Parallel Processing},
  key =          {{E}uro-{P}ar 2001},
  year =         2001,
  volume =       2150,
  series =       ser-LNCS,
  month =        aug,
  publisher =    pub-SV,
}

@Proceedings{europar:2002,
  title =        {{E}uro-{P}ar 2002 Parallel Processing},
  booktitle =    {{E}uro-{P}ar 2002 Parallel Processing},
  key =          {{E}uro-{P}ar 2002},
  year =         2002,
  volume =       2400,
  series =       ser-LNCS,
  month =        aug,
  publisher =    pub-SV,
}

@Proceedings{hcw:2000,
  title =        {9th Heterogeneous Computing Workshop ({HCW}'00)},
  booktitle =    {9th Heterogeneous Computing Workshop ({HCW}'00)},
  key =          {{HCW} 2000},
  year =         2000,
  month =        may,
  publisher =    pub-IEEE-CS,
}

@Proceedings{hpdc:2000,
  title =        {9th {IEEE} International Symposium on High
                  Performance Distributed Computing ({HPDC}'00)},
  booktitle =    {9th {IEEE} International Symposium on High
                  Performance Distributed Computing ({HPDC}'00)},
  key =          {{HPDC} 2000},
  year =         2000,
  month =        aug,
  publisher =    pub-IEEE-CS,
}

@Proceedings{ipdps:2000,
  title =        {International Parallel and Distributed Processing
                  Symposium ({IPDPS}'00)},
  booktitle =    {International Parallel and Distributed Processing
                  Symposium ({IPDPS}'00)},
  key =          {{IPDPS} 2000},
  year =         2000,
  month =        may,
  publisher =    pub-IEEE-CS,
}

@Proceedings{ipdps:2002,
  title =        {International Parallel and Distributed Processing
                  Symposium ({IPDPS}'02)},
  booktitle =    {International Parallel and Distributed Processing
                  Symposium ({IPDPS}'02)},
  key =          {IPDPS 2002},
  year =         2002,
  month =        apr,
  publisher =    pub-IEEE-CS,
}


@Proceedings{mpidc:1999,
  title =        {Message Passing Interface Developer's and User's
                  Conference ({MPIDC}'99)},
  booktitle =    {Message Passing Interface Developer's and User's
                  Conference ({MPIDC}'99)},
  key =          {{MPIDC} 1999},
  year =         1999,
  month =        mar
}

@Proceedings{para:2002,
  title =        {Applied Parallel Computing: Advanced Scientific
                  Computing: 6th International Conference ({PARA}'02)},
  booktitle =    {Applied Parallel Computing: Advanced Scientific
                  Computing: 6th International Conference ({PARA}'02)},
  key =          {{PARA} 2002},
  year =         2002,
  volume =       2367,
  series =       ser-LNCS,
  month =        jun,
  publisher =    pub-SV,
}

@Proceedings{pdpta:2002,
  title =        {Proceedings of the International Conference on
                  Parallel and Distributed Processing Techniques and
                  Applications ({PDPTA}'02)},
  booktitle =    {Proceedings of the International Conference on
                  Parallel and Distributed Processing Techniques and
                  Applications ({PDPTA}'02)},
  key =          {{PDPTA} 2002},
  year =         2002,
  month =        jun,
  publisher =    {CSREA Press}
}

@Proceedings{supercomputing:1998,
  title =        {Proceedings of the 1998 ACM/IEEE conference on
                  Supercomputing ({SC}'98)},
  booktitle =    {Proceedings of the 1998 ACM/IEEE conference on
                  Supercomputing ({SC}'98)},
  key =          {{SC} 1998},
  year =         1998,
  month =        nov,
  publisher =    pub-IEEE-CS,
}

%%% ====================================================================
%%% Unreferenced works

%%% Books

@Book{Barak93,
  author =       {Amnon Barak and Shai Guday and Richard Wheeler},
  title =        {The MOSIX Distributed Operating System, Load
                  Balancing for UNIX},
  year =         {1993},
  publisher =    {Springer-Verlag},
  volume =       {672},
  series =       {Lecture Notes in Computer Science},
  note =         {\url{http://www.mosix.cs.huji.ac.il/}},
}

%%% Articles

@InProceedings{Berman96,
  author =       {Francine Berman and Richard Wolski and Silvia
                  Figueira and Jennifer Schopf and Gary Shao},
  title =        {Application-Level Scheduling on Distributed
                  Heterogeneous Networks},
  crossref =     {supercomputing:1996},
}

@InProceedings{Bhat98,
  author =       {Prashanth B. Bhat and Viktor K. Prasanna and
                  C.S. Raghavendra},
  title =        {Adaptative Communications Algorithms for Distributed
                  Heterogeneous Systems},
  booktitle =    {Proceedings of the 7th Intl. Symp. on High
                  Performance Distributed Computing},
  year =         {1998},
}

@Article{Boulet99,
  author =       {Pierre Boulet and Jack Dongarra and Yves Robert and
                  Frédéric Vivien},
  title =        {Static tiling for heterogeneous computing platforms},
  journal =      {Parallel Computing},
  year =         {1999},
  volume =       {25},
  number =       {5},
  pages =        {547--568},
}

@InProceedings{Brewer95,
  author =       {Eric A. Brewer},
  title =        {High-level optimization via automated statistical
                  modeling},
  booktitle =    {5th ACM SIGPLAN Symposium on Principles and Practice
                  of Parallel Programming},
  year =         {1995},
  month =        jul,
  address =     {Santa Barbara, California},
}

@InProceedings{Dail00,
  author =       {Holly Dail and Graziano Obertelli and Francine
                  Berman and Rich Wolski and Andrew Grimshaw},
  title =        {Application-Aware Scheduling of a
                  Magnetohydrodynamics Application in the Legion
                  Metasystem},
  crossref =     {hcw:2000},
}

@Article{DeFanti96,
  author =       {Thomas A. DeFanti and Ian Foster and Michael
                  E. Papka and Rick Stevens and Tim Kuhfuss},
  title =        {Overview of the {I-{WAY}}: Wide-Area Visual
                  Supercomputing},
  journal =      {The International Journal of Supercomputer
                  Applications and High Performance Computing},
  year =         {1996},
  month =        {Summer\slash Fall},
  volume =       {10},
  pages =        {123--131},
  number =       {2/3},
}

@Article{Filbet,
  author =       {Francis Filbet and Eric Sonnendr\"{u}cker and Pierre
                  Bertrand},
  title =        {Conservative Numerical schemes for the {V}lasov
                  equation},
  journal =      {Journal of Comput. Phys.},
  year =         {2001},
  volume =       {172},
  pages =        {166--187},
}

@Article{Kremien92,
  author =       {Orly Kremien and Jeff Kramer},
  title =        {Methodical Analysis of Adaptative Load Sharing
                  Algorithms},
  journal =      {IEEE Transactions on Parallel and Distributed
                  Systems},
  year =         {1992},
  volume =       {3},
  pages =        {747--760},
}

@Article{Kumar,
  author =       {Vipin Kumar and Ananth Y. Grama and Vempaty
                  Nageshwara Rao},
  title =        {Scalable Load Balancing Techniques for Parallel
                  Computers},
  journal =      {Journal of Parallel and Distributed Computing},
  year =         {1994},
}

@Article{Mani94,
  author =       {V. Mani and D. Ghose},
  title =        {Distributed Computation in Linear Networks:
                  Closed-Form Solutions},
  journal =      {IEEE Transactions on Aerospace and Electronic
                  Systems},
  issn =         {0018-9251},
  pages =        {471--483},
  volume =       {30},
  number =       {2},
  year =         {1994}
}

@InProceedings{Reeve99,
  author =       {Jeff S. Reeve},
  title =        {A Performance Estimator for Parallel Programs},
  booktitle =    {European Conference on Parallel Processing},
  year =         {1999},
  pages =        {193--202},
}

@Article{Valiant90,
  author =       {Leslie G. Valiant},
  title =        {A bridging model for parallel computation},
  journal =      {Communications of the ACM},
  month =        aug,
  year =         {1990},
  volume =       {33},
  number =       {8},
  pages =        {103},
}

@InProceedings{Genaud03,
  author =       {St\'{e}phane Genaud and Arnaud Giersch and Fr\'{e}d\'{e}ric Vivien},
  title =        {Load-Balancing Scatter Operations for Grid Computing},
  booktitle =    {12th Heterogeneous Computing Workshop},
  publisher =    {IEEE Computer Press Society},
  pages     =    {101},
  year =         {20003},
  month =        {April},
}


@TechReport{Grimshaw94,
  author =       {Andrew S. Grimshaw and William A. Wulf and James
                  C. French and Alfred C. Weaver and Paul F. {Reynolds
                  Jr.}},
  title =        {Legion: The Next Logical Step Toward a Nationwide
                  Virtual Computer},
  year =         {1994},
  month =        aug,
  number =       {CS-94-21},
  institution =  {University of Virginia},
  url =          {citeseer.nj.nec.com/grimshaw94legion.html},
}

@Manual{Hpf95,
  author =       {Charles H. Koelbel and David B. Loveman and Robert
                  S. Schreiber and Guy L. Steele Jr. and Mary
                  E. Zosel},
  title =        {The High Performance Fortran Handbook},
  year =         {1994},
  series =       {Scientific and Engineering Computation},
  editor =       {Janusz Kowalik},
  month =        jan,
}

@TechReport{MPI94,
  author =       {{MPI Forum}},
  x-author =     {{Message Passing Interface Forum}},
  title =        {{MPI}: A Message Passing Interface Standard},
  institution =  {University of Tennessee},
  address =      {Knoxville, {TN}, {USA}},
  year =         {1994},
  month =        may,
  anote =        {Version 1.0},
  x-url =        {http://www.mpi-forum.org/docs/docs.html},
}

@TechReport{Robert99,
  author =       {Jean-François Mehaut and Yves Robert},
  title =        {Algorithms and Tools for (Distributed) Heterogeneous
                  Computing: A Prospective Report},
  year =         {1999},
  month =        aug,
  number =       {1999-36},
  institution =  {ENS-Lyon LIP},
}

@TechReport{Shao98,
  author =       {Gary Shao and Rich Wolski and Fran Berman},
  title =        {Performance Effects of Scheduling Strategies for
                  Master/Slave Distributed Applications},
  year =         {1998},
  month =        sep,
  number =       {CS98-598},
  institution =  {UCSD CSE Dept.},
  address =      {University of California, San Diego},
}

%%% Proceedings

@Proceedings{supercomputing:1996,
  title =        {Proceedings of the 1996 ACM/IEEE conference on
                  Supercomputing ({SC}'96)},
  booktitle =    {Proceedings of the 1996 ACM/IEEE conference on
                  Supercomputing ({SC}'96)},
  x-editor =     {Beverly Clayton},
  key =          {{SC} 1996},
  year =         1996,
  address =     {Pittsburgh, {PA}, {USA}},
  month =        nov,
  publisher =    pub-ACM,
  x-url =
                  {http://www.supercomp.org/sc96/proceedings/SC96PROC/TOCPROC.HTM},
}

@inproceedings{icps-2003-111,
    title = {Calcul de rais en tomographie sismique : exploitation sur la Grille},
    author= {Marc Grunberg and Stéphane Genaud},
    booktitle = {Renpar2003},
    publisher = {INRIA},
    pages = {179--186},
    address = {La Colle sur Loup},
    month = {October},
    year  = {2003},

}


@inproceedings{Sullivan97,
    author  = {W. T. Sullivan and D. Werthimer and S. Bowyer and J. Cobb and D. Gedye and D. Anderson},
    title   = {A new major SETI project based on Project Serendip Data and 100,000 Personal Computers},
    booktitle   = {Proceedings of 5th Intl. Conf. on Bioastronomy},
    editor  = {},
    publisher   = {Editrice Compositori},
    series  = {},
    volume  = {IAU Colloq. No. 161},
    pages   = {},
    address     = {},
    month   = {},
    year    = {1997},
}
@book{Schroeder97,
      title       = {The Visualization Toolkit, An Object-Oriented Approach To 3D Graphics},
      author      = {Will Schroeder and Ken Martin and Bill Lorensen},
      isbn  = {ISBN 0-13-954694-4},
      publisher   = {Prentice Hall},
      year  = {1997},
      month       = {December},
}
@inproceedings{Gabriel98,
      author      = {Edgar Gabriel and Michael Resch and T. Beisel and Rainer Keller},
      title       = {Distributed Computing in an Heterogeneous Computing Environment},
      booktitle   = {Proceedings of PVM/MPI},
      editor      = {},
      publisher   = {},
      series      = {},
      volume      = {},
      pages       = {180--187},
      address     = {},
      month       = {},
      year  = {1998},
}

@inproceedings{Bouteiller03,
         title={(MPICH-V2): a Fault Tolerant {MPI} for Volatile Nodes based on the Pessimistic Sender Based Message Logging},
         author = {Aur\'elien Bouteiller and Franck Cappello and Thomas H\'erault and G\'eraud Krawezik and Pierre Lemarinier and Fr\'ed\'eric Magniette},
         booktitle = {SuperComputing 2003},
         pages     = {242-250},
         address = {Phoenix USA},
         month={November},
         year = {2003},
}

@InProceedings{Legrand04,
      author      =     {Arnaud Legrand and Loris Marchal and Yves Robert},
      title       =     {Optimizing the steady-state throughput of scatter and reduce operations on heterogeneous platforms},
      booktitle   =     {6th Workshop on Advances in Parallel and Distributed Computational Models,{ APDCM 2004}},
      publisher   =     {IEEE Computer Society Press},
      year  =     {2004}
}


@inbook{Cappello02,
      author      = {Franck Cappello and Abderrahmane Djilali and Gilles Fedak and C\'{e}cile Germain and Oleg Lodygensky and Vincent N\'{e}ri},
      chapter       = {XtremWeb, une plate-forme de recherche sur le Calcul Global et Pair à Pair},
     pages       = {153--188},
     crossref   = {hermes:2002},
}

@book{hermes:2002,
title = {Calcul r\'{e}parti \`{a} grande \'{e}chelle},
publisher = {Hermès Science Paris},
editor      = {Francoise Baude},
note = {ISBN 2-7462-0472-X},
year = 2002,
}

@inbook{Schneider93,
     author  = {Fred. B. Schneider},
     editor  = {Sape Mullender},
     title   = {Replication Management Using the State Machine Approach},
     chapter   = {7},
     pages     = {169--195},
     booktitle  = {Distributed Systems},
     year    = {1993},
     publisher       = {ACM Press},
}

%%% =============================================================================================
@inproceedings{stellner96cocheck,
    author = {Georg Stellner},
    title = "{CoCheck: Checkpointing and Process Migration for {MPI}}",
    booktitle = "{Proceedings of the 10th International Parallel Processing Symposium ({IPPS} '96)}",
    dummy_address = "Honolulu, Hawaii",
    pages     = {526-531},
    year = 1996,
}

@inproceedings{agbaria99starfish,
    author = {A. Agbaria and R. Friedmanr},
    title = {Starfish: Fault-Tolerant Dynamic MPI programs on Clusters of Workstations},
    booktitle = "{Proceedings of the 8th IEEE International Symposium on High Performance Distributed Computing}",
    address = {Los Alamitos, California},
    year = "1999",
    pages = "167--176"
    }

@inproceedings{Louca00,
      author = {Soulla Louca and Neophytos Neophytou and Arianos Lachanas and Paraskevas Evripidou},
      title = {{MPI-FT}: Portable Fault Tolerenace Scheme for {MPI}},
      booktitle = "{ Parallel Processing Letters}",
      volume = {10},
      number = {4},
      pages = {371--382},
      publisher = "{World Scientific Publishing Company}",
      year = "2000"
}


@inproceedings{fagg00ftmpifaulttolerant,
  author = {Graham Fagg and Jack Dongarra},
  title = "{FT}-{MPI}: Fault Tolerant MPI, Supporting Dynamic Applications in a Dynamic World",
  booktitle={EuroPVM/MPI User's GroupMeeting 2000},
  publisher ={Springer-Verlag, Berlin, Germany},
  pages={346-353},
  year = "2000",
  url = "citeseer.ist.psu.edu/375946.html" 
}

@inproceedings{Batchu01,
      author = {Rajanikanth Batchu and 
                Jothi Neelamegam and 
                Zhenqian Cui and 
                Murali Beddhu and 
                Anthony Skjellum and 
                Yoginder Dandass and 
                Manoj Apte},
      title = "{MPI/FT}\textsuperscript{TM}: Architecture and Taxonomies for Fault-Tolerant, Message-Passing Middleware for Performance-Portable Parallel Computing ",
      booktitle = {Proceedings of the 1st IEEE International Symposium of Cluster Computing and the Grid},
      location = {Melbourne, Australia},
      year = 2001,
}

@article{Batchu04,
 author = {Rajanikanth Batchu and Yoginder S. Dandass and Anthony Skjellum and Murali Beddhu},
 title = {{MPI/FT}: A Model-Based Approach to Low-Overhead Fault Tolerant Message-Passing Middleware},
 journal = {Cluster Computing},
 volume = {7},
 number = {4},
 year = {2004},
 issn = {1386-7857},
 pages = {303--315},
 doi = {http://dx.doi.org/10.1023/B:CLUS.0000039491.64560.8a},
 publisher = {Kluwer Academic Publishers},
 address = {Hingham, MA, USA},
 }


@Inproceedings{bosilca-mpichv02,
  author = {George Bosilca and Aur\'elien Bouteiller and Franck Cappello and Samir Djailali
    and Gilles Fedak and C\'ecile Germain and Thomas H\'erault and Pierre Lemarinier
    and Oleg Lodygensky and Fr\'ed\'eric Magniette and Vincent N\'eri and Anton Selikhov},
  title = "{{MPICH-V}: Toward a Scalable Fault Tolerant {MPI} for Volatile Nodes}",
  month = nov,
  year = 2002,
  pages = {1--18},
  booktitle = "{SuperComputing 2002}",
  address = "{Baltimore, USA}",
  url = "citeseer.ist.psu.edu/bosilca02mpichv.html" }



@misc{foldingathome,
  title =  "{Folding@home}",
  howpublished = {\url{http://folding.stanford.edu}},
}



@Article{lamport78,
  author =       {Leslie Lamport},
  title =        "{Time, Clocks and the Ordering of Events in a Distributed System}",
  journal =      "{Communications of the ACM}",
  month =        jul,
  year =         1978,
  volume =       21,
  number =       7,
}

@techreport{eawj96,
  author =   {M. Elnozahy and L. Alvisi and Y.~M. Wang and D.~B. Johnson},
  title =    "A survey of rollback-recovery protocols in message passing systems",
  institution =  "School of Computer Science, Carnegie Mellon University",
  year =     1996,
  number =   "CMU-CS-96-181",
  address =      "Pittsburgh, PA, {USA}",
  month =    oct,
}

@inproceedings{Alvisi1999,
  author    = {Lorenzo Alvisi and
               E. N. Elnozahy and
               Sriram Rao and
               Syed Amir Husain and
               Asanka De Mel},
  title     = {An Analysis of Communication Induced Checkpointing},
  booktitle = {29th Symposium on Fault-Tolerant Computing (FTCS'99)},
  month     = jun,
  year      = {1999},
  pages     = {242-249},
  publisher = "{IEEE CS Press}",
  ee        = {http://computer.org/proceedings/ftcs/0213/02130242abs.htm},
  bibsource = {DBLP, http://dblp.uni-trier.de}
}


@misc{jxta,
  title =  "{JXTA}",
  howpublished = {\url{http://www.jxta.org}},
}


@inproceedings{Alvisi1995,
  author    = {Lorenzo Alvisi and
               Keith Marzullo},
  title     = {Message Logging: Pessimistic, Optimistic, and Causal},
  booktitle = "{Proceeding of the 15th International Conference on Distributed Computing Systems (ICDCS'95)}",
  year      = {1995},
  pages     = {229-236},
  bibsource = {DBLP, http://dblp.uni-trier.de}
}


@article{Strom85,
        author    = {Robert E. Strom and Shaula Yemini},
        title     = {Optimistic Recovery in Distributed Systems},
        journal   = {ACM Trans. Comput. Syst.},
        volume    = {3},
        number    = {3},
        year      = {1985},
        pages     = {204-226},
        ee        = {http://doi.acm.org/10.1145/3959.3962},
        bibsource = {DBLP, http://dblp.uni-trier.de}
}


@InProceedings{Renesse98,
      author      =     {Robbert van Renesse and Yaron Minsky and Mark Hayden},
      title       =     {A gossip-style failure detection service},
      booktitle   =     "Middleware '98",
      pages       = {55},
      editors     = {Nigel Davies, Kerry Raymond and Jochen Seitz},
      year  =     1998,
}

@inproceedings{Litzkow88,
	author    = {Michael J. Litzkow and Miron Livny and Matt W. Mutka},
	title     = {Condor - A Hunter of Idle Workstations},
	booktitle = {ICDCS},
	year      = {1988},
	pages     = {104-111},
	bibsource = {DBLP, http://dblp.uni-trier.de}
}

@inproceedings{Felber1999,
  author    = {Pascal Felber and
               Xavier D{\'e}fago and
               Rachid Guerraoui and
               Philipp Oser},
  title     = {Failure Detectors as First Class Objects},
  booktitle = {DOA},
  year      = {1999},
  pages     = {132-141},
  ee        = {http://computer.org/proceedings/doa/0182/01820132abs.htm},
  bibsource = {DBLP, http://dblp.uni-trier.de}
}




@misc{napster,
  title =  "{Napster protocol specification}",
  howpublished = {\url{http://opennap.sourceforge.net/napster.txt}},
  month = {April},
  year = {2000}
}

@Inbook{Oram01,
	author = "{Andy Oram}",
	title  = "{Peer-to-Peer: Harnessing the Power of Disruptive Technologies}",
	chapter = {Gnutella},
	pages = {94--122},
	publisher = "O'Reilly",
	year = 2001,
	month = may,
}

#

@InProceedings{Caron02,
	author = {Caron, Eddy and Desprez, Frédéric and Lombard, Frédéric and Nicod, Jean-Marc and Quinson, Martin and Suter, Frédéric},
	title = {{A Scalable Approach to Network Enabled Servers}},
	booktitle = {Proceedings of the 8th International EuroPar Conference},
	editor = {B. Monien and R. Feldmann},
	year = 2002,
	pages = {907--910},
	address = {Paderborn, Germany},
	series = "LNCS",
	volume = 2400,
	publisher = {Springer-Verlag},
	month = Aug,
	KEYWORDS ={Metacomputing, DIET} 
}

@Article{Gropp96, 
	author = "W. Gropp and E. Lusk and N. Doss and A. Skjellum", 
	title = "A high-performance, portable implementation of the {MPI} message passing interface standard", 
	journal = "Parallel Computing", 
	volume = "22", 
	number = "6", 
	pages = "789--828", 
	month = sep, 
	year = "1996" 
}

@Book{Gropp99,
  author=        {William Gropp and Ewing Lusk and Anthony Skjellum},
  title =        {Using {MPI}, {P}ortable Parallel Programming with the Message-Passing Interface},
  year =         {1999},
  publisher =    {MIT Press},
  series   =    {Scientific and Engineering Computation Series},
  edition   =    {2nd edition},
  isbn =         {ISBN 0-262-57134-X},
}


%%%===================================================================
%%%chapter 2
%%%===================================================================
@article{smarr1992,
	author = {Larry Smarr and Charles E. Catlett},
	title = {Metacomputing},
	journal = {Commun. ACM},
	volume = {35},
	number = {6},
	year = {1992},
	issn = {0001-0782},
	pages = {44--52},
	doi = {http://doi.acm.org/10.1145/129888.129890},
	publisher = {ACM},
	address = {New York, NY, USA},
}

@article{lyster92,
	author = {Lyster P. and Bergman L. and Li P. and Stanfill D. and Crippe B. and Blom R. and Pardo C. and Okaya D.},
	title = {CASA gigabit supercomputing network: CALCRUST three-dimensional real-time multi-dataset rendering},
	journal = {Supercomputing'92}, 
	year = {1992}, 
	address = {Minneapolis, MN},
}

@article{
	condor-g-jcc,
	author = "James Frey and Todd Tannenbaum and Ian Foster and Miron Livny and Steve Tuecke",
	title = "{C}ondor-{G}: A Computation Management Agent for Multi-Institutional Grids",
	journal = "Cluster Computing",
	volume = "5",
	year = "2002",
	pages = "237--246"
}

@misc{datagrid,
  title =  "{EU Data Grid project}",
  howpublished = {\url{http://www.eu-datagrid.org}}
}

@Article{ ArticleCaron.CD_IJHPCA06,
	abstract = {Among existing grid middleware approaches, one simple, powerful, and flexible approach consists of using servers available in different administrative domains through the classical client-server or Remote Procedure Call (RPC) paradigm. Network Enabled Servers implement this model also called GridRPC. Clients submit computation requests to a scheduler whose goal is to find a server available on the grid. The aim of this paper is to give an overview of a middleware developed by the GRAAL team called DIET (for Distributed Interactive Engineering Tool-box). DIET is a hierarchical set of components used for the development of applications based on computational servers on the grid.},
	author = {Caron, Eddy and Desprez, Fr{\'e}d{\'e}ric},
	date-modified = {2006-11-27 17:07:34 +0100},
	journal = {International Journal of High Performance Computing Applications},
	keywords = {Grid Computing, Network Enabled Servers, Client-servers computing,DIET},
	number = {3},
	pages = {335-352},
	title = {DIET: A Scalable Toolbox to Build Network Enabled Servers on the Grid},
	volume = {20},
	year = {2006} 
}

@InProceedings{burns94:_lam,
	author       = {Greg Burns and Raja Daoud and James Vaigl},
	title        = {{LAM}: {A}n {O}pen {C}luster {E}nvironment for {MPI}},
	booktitle    = {Proceedings of Supercomputing Symposium},
	pages        = {379--386},
	year         = {1994},
	url          = {{\tt http://www.lam-mpi.org/download/files/lam-papers.tar.gz}}
}

@misc{mpich,
  title =  "{MPICH}",
  howpublished = {\url{http://www-unix.mcs.anl.gov/mpi}}
}


@misc{mpich2,
  title =  "{MPICH2}",
  howpublished = {\url{http://www.mcs.anl.gov/research/projects/mpich2}}
}

@misc{gridmpi,
  title =  "{GridMPI}",
  howpublished = {\url{http://www.gridmpi.org}}
}

@Book{Beisel97,
  author =       {Thomas Beisel and Edgar Gabriel and Michael Resch},
  title =        {An Extension to MPI for Distributed Computing on MPPs},
  year =         {1997},
  publisher =    {Springer},
  series =       {Lecture Notes in Computer Science},
}

@Article{Karonis03,
	author =       {N. Karonis and B. Toonen and Ian Foster},
	title =        {{MPICH-G2}: A Grid-Enabled Implementation of the Message Passing Interface},
	journal =      {Journal of Parallel and Distributed Computing},
	year =         {2003},
	volume =       {63},
	number =       {5},
	pages =        {551--563},
}

@inproceedings{baker06,
  author    = {Mark Baker and
               Bryan Carpenter and
               Aamir Shafi},
  title     = {{MPJ} {E}xpress: Towards Thread Safe {J}ava {HPC}},
  booktitle = {CLUSTER},
  pages     = {1--10},
  year      = {2006},
  ee        = {http://dx.doi.org/10.1109/CLUSTR.2006.311890},
  crossref  = {DBLP:conf/cluster/2006},
  bibsource = {DBLP, http://dblp.uni-trier.de}
}

@proceedings{DBLP:conf/cluster/2006,
  title     = {Proceedings of the 2006 IEEE International Conference on
               Cluster Computing, September 25-28, 2006, Barcelona, Spain},
  booktitle = {CLUSTER},
  publisher = {IEEE},
  year      = {2006},
  isbn      = {1-4244-0328-6},
  bibsource = {DBLP, http://dblp.uni-trier.de}
}



@inproceedings{Bornemann05,
  author =       {Markus Bornemann and Rob V. van Nieuwpoort and Thilo Kielmann},
  booktitle = {Recent Advances in Parallel Virtual Machine and Message Passing Interface},
  title =        {{MPJ/Ibis}: A Flexible and Efficient Message Passing Platform for Java},
  year =         {2005},
  volume =       {3666},
  pages =        {217--224},
  publisher =    {Springer},
  series =       {Lecture Notes in Computer Science},
}

 

@InBook{pdcg06,
	author = {Laurent Baduel and Fran\c{c}oise Baude and Denis Caromel and Arnaud Contes and Fabrice Huet and Matthieu Morel and Romain Quilici},
	OPTeditor = {Jos\'e C. Cunha and Omer F. Rana},
	title = {{Grid Computing: Software Environments and Tools}},
	chapter = {Programming, Deploying, Composing, for the Grid},
	publisher = {Springer-Verlag},
	YEAR = {2006},
	MONTH = {January},
	url={http://www-sop.inria.fr/oasis/proactive/userfiles/file/papers/ProgrammingComposingDeploying.pdf}
}

@article{Carpenter2000,
	journal={Concurrency: Practice and Experience},
	title={{MPJ}: {MPI}-like Message Passing for {J}ava},
	author= {Bryan Carpenter and Vladimir Getov and Glenn Judd and Tony Skjellum and Geoffrey Fox},
	month= sep,
	year={2000},
	volume={12},
	number={11},
	pages={1019-1038},
	publisher = {},
	doi={},
}

@techreport{CAN00,
	author = "Sylvia Ratnasamy and Paul Francis and Mark Handley and Richard Karp and Scott Shenker",
	title = "A Scalable Content Addressable Network",
	number = "TR-00-010",
      institution = {University of Berkeley},
	address = "Berkeley, CA",
	year = "2000"
}

% Chord - General
@inproceedings{Chord01,
	author = "Ion Stoica and Robert Morris and David Karger and Frans Kaashoek and Hari Balakrishnan",
	title = "Chord: {A} Scalable {Peer-To-Peer} Lookup Service for Internet Applications",
	booktitle = "Proceedings of the 2001 ACM SIGCOMM Conference",
	pages = "149--160",
	year = "2001"
}

% Pastry - General
@inproceedings{Rowstron01,
  author    = {Antony I. T. Rowstron and
               Peter Druschel},
  title     = {Pastry: Scalable, Decentralized Object Location, and Routing
               for Large-Scale Peer-to-Peer Systems},
  booktitle  = {Middleware 2001, IFIP/ACM International Conference on Distributed
               Systems Platforms Heidelberg, Germany, November 12-16, 2001,
               Proceedings},
  publisher = {Springer},
  series    = {Lecture Notes in Computer Science},
  volume    = {2218},

  year      = {2001},
  pages     = {329-350},
  ee        = {http://link.springer.de/link/service/series/0558/bibs/2218/22180329.htm},
  bibsource = {DBLP, http://dblp.uni-trier.de}
}


% Tapestry - General
@techreport{Tapestry01,
	author =       {Ben Y. Zhao and J. D. Kubiatowicz and A. D. Joseph},
	title =        {Tapestry: An Infrastructure for Fault-tolerant Wide-area Location and Routing},
	institution =  {Berkeley, University of California},
	year =         2001,
	number =       {UCB/CSD-01-1141},
	month =        apr,
}

@inproceedings{ninf,
	author = {Satoshi Sekiguchi and Mitsuhisa Sato and Hidemoto Nakada and Umpei Nagashima},
	title = {--ninf--: Network base information library for globally high performance},
	booktitle = {Parallel Object-Oriented Methods and Applications (POOMA)},
	year = 1996,
	month = feb

}
@TECHREPORT{nug,
	AUTHOR = {Arnold, D. and Agrawal, S. and Blackford, S. and
		Dongarra, J. and Miller, M. and Seymour, K. and 
			Sagi, K. and Shi, Z. and Vadhiyar, S.},
	TITLE = {{U}sers' {G}uide to {N}et{S}olve {V}1.4.1},
	INSTITUTION = {University of Tennessee},
	YEAR = {2002},
	TYPE = {{I}nnovative {C}omputing {D}ept. {T}echnical {R}eport},
	MONTH = {June},
	ADDRESS = {Knoxville, TN},
	NUMBER = {ICL-UT-02-05} 
}



@inbook{Budhiraja93,
	author = {N. Budhiraja and F. Schneider and S. Toueg and K. Marzullo},
	title = {The Primary-Backup Approach. In S. Mullender, Distributed Systems},
	publisher = {Addison Wesley},
	chapter = {8},
	pages = {199--216},
	year = {1993},
}


@misc{freenet,
  title =  "{The Freenet Project}",
  howpublished = {\url{http://freenetproject.org}},
}

@misc{setiathome,
  title =  "{SETI@home}",
  howpublished = {\url{http://setiathome.berkeley.edu}},
}

@misc{egee-site,
	title = "EGEE ({E}nabling {G}rids for {E}-scienc{E})",
	howpublished = {\url{http://www.eu-egee.org/}}
}



@inproceedings{oceanstore,
	author = {John Kubiatowicz and David Bindel and Yan Chen and Steven Czerwinski and Patrick Eaton and Dennis Geels and Ramakrishna Gummadi and Sean C. Rhea and Hakim Weatherspoon and Westley Weimer and Chris Wells and Ben Zhao},
	title = {OceanStore: An Architecture for Global-Scale Persistent Storage},
	booktitle = {the Ninth international conferance on Architectural Support for Programming Languages and Operating Systems (ASPLOS)},
	year = {2000},
	month = nov,
}

@article{Chandra96,
	author = {Tushar Deepak Chandra and Sam Toueg},
	title = {Unreliable failure detectors for reliable distributed systems},
	journal = {J. ACM},
	volume = {43},
	number = {2},
	year = {1996},
	issn = {0004-5411},
	pages = {225--267},
	doi = {http://doi.acm.org/10.1145/226643.226647},
	publisher = {ACM Press},
	address = {New York, NY, USA},
}

@article{Thain2005,
      author={Douglas Thain and Todd Tannenbaum and Miron Livny},
      title="{Distributed computing in practice: the Condor experience}",
      journal="{Concurrency and Computation: Practice and Experience}",
      volume={17},
      number={2-4},
      pages={323--356},
      year={2005},
      publisher={Wiley},
      doi={DOI: 10.1002/cpe.938},
}

@Techreport{Bailey94,
	author={D. Bailey and E. Barszcz and J. Barton and D. Browning and R. Carter and L. Dagum and R. and Fatoohi and S. Fineberg and P. Frederickson and T. Lasinski and R. Schreiber and H. Simon and V. Venkatakrishnan and S. Weeratunga},
	title={The {NAS} {P}aralell {B}enchmarks},
	institution = {NASA Ames Research Center},
	year={1994},
	month={March},
	number = {RNR-94-007},
}

@article{Thakur05,
	journal={International Journal of High Performance Computing Applications},
	title={Optimization of Collective Communication Operation in MPICH},
	author= {Rajeev Thakur and R. Rabenseifner and William Gropp},
	month= feb,
	year={2005},
	volume={19},
	number={1},
	pages={49--66},
	publisher = {SAGE},
	doi={DOI:10.1177/1094342005051521},
}

@misc{grid5000,
	title = "Grid5000",
	howpublished = {\url{http://www.grid5000.fr/}}
}

@misc{kadeploy,
	title = "Kadeploy2",
	howpublished={\url{http://www-id.imag.fr/Logiciels/kadeploy/}}
}
@misc{renater,
	title="RENATER: Le Réseau National de Télécommunications pour la Technologies, l'Enseignement et la Recherche",
	howpublished={\url{http://www.renater.fr/}}
}
@inproceedings{Matsuda2006,
  author    = {Motohiko Matsuda and
               Tomohiro Kudoh and
               Yuetsu Kodama and
               Ryousei Takano and
               Yutaka Ishikawa},
  title     = {Efficient MPI Collective Operations for Clusters in Long-and-Fast
               Networks},
  booktitle = {CLUSTER},
  year      = {2006},
  ee        = {http://dx.doi.org/10.1109/CLUSTR.2006.311848},
  crossref  = {DBLP:conf/cluster/2006},
  bibsource = {DBLP, http://dblp.uni-trier.de}
}

@inproceedings{Rabenseifner2004,
  author    = {Rolf Rabenseifner},
  title     = {Optimization of Collective Reduction Operations},
  booktitle = {International Conference on Computational Science},
  year      = {2004},
  pages     = {1-9},
  ee        = {http://springerlink.metapress.com/openurl.asp?genre=article{\&}issn=0302-9743{\&}volume=3036{\&}spage=1},
  crossref  = {DBLP:conf/iccS/2004-1},
  bibsource = {DBLP, http://dblp.uni-trier.de}
}

@proceedings{DBLP:conf/iccS/2004-1,
  editor    = {Marian Bubak and
               G. Dick van Albada and
               Peter M. A. Sloot and
               Jack Dongarra},
  title     = {Computational Science - ICCS 2004, 4th International Conference,
               Krak{\'o}w, Poland, June 6-9, 2004, Proceedings, Part
               I},
  booktitle = {International Conference on Computational Science},
  publisher = {Springer},
  series    = {Lecture Notes in Computer Science},
  volume    = {3036},
  year      = {2004},
  isbn      = {3-540-22114-X},
  bibsource = {DBLP, http://dblp.uni-trier.de}
}
@inproceedings{Barnett1994,
  author    = {Michael Barnett and
               Lance Shuler and
               Satya Gupta and
               David G. Payne and
               Robert A. van de Geijn and
               Jerrell Watts},
  title     = {Building a high-performance collective communication library},
  booktitle = {SC},
  year      = {1994},
  pages     = {107-116},
  ee        = {http://portal.acm.org/citation.cfm?id=198354.198389},
  bibsource = {DBLP, http://dblp.uni-trier.de}
}

@inproceedings{Allen01,
      author      = {Gabrielle Allen and Thomas Dramlitsch and Ian Foster and Nicholas T. Karonis and Matei Ripeanu and Edward Seidel and Brian Toonen},
      title       = {Supporting Efficient Execution in Heterogeneous Distributed Computing Environment with Cactus and Globus},
      booktitle   = {Proceedings of SuperComputing 2001},
      publisher   = {ACM/IEEE},
      pages       = {52},
      year  = {2001},
      location    = {Denver},
      month       = {November},
}

@inproceedings{Fedak01,
        author    = {Gilles Fedak and
                C{\'e}cile Germain and
                        Vincent N{\'e}ri and
                        Franck Cappello},
        title     = {XtremWeb: A Generic Global Computing System},
        booktitle = {CCGRID},
        year      = {2001},
        pages     = {582-587},
        ee        = {http://csdl.computer.org/comp/proceedings/ccgrid/2001/1010/00/10100582abs.htm},
        crossref  = {DBLP:conf/ccgrid/2001},
        bibsource = {DBLP, http://dblp.uni-trier.de}
}

@proceedings{DBLP:conf/ccgrid/2001,
        title     = {First IEEE International Symposium on Cluster Computing
                and the Grid (CCGrid 2001), May 15-18, 2001, Brisbane, Australia},
        booktitle = {CCGRID},
        publisher = {IEEE Computer Society},
        year      = {2001},
        bibsource = {DBLP, http://dblp.uni-trier.de}
}

@inproceedings{Nieuwpoort02,
        author    = {Rob van Nieuwpoort and Jason Maassen and Rutger F. H. Hofman and Thilo Kielmann and
                        Henri E. Bal},
        title     = {Ibis: an efficient Java-based grid programming environment},
        booktitle = {Java Grande},
        year      = {2002},
        pages     = {18-27},
        ee        = {http://doi.acm.org/10.1145/583810.583813},
        crossref  = {DBLP:conf/java/2002},
        bibsource = {DBLP, http://dblp.uni-trier.de}
}

@proceedings{DBLP:conf/java/2002,
        editor    = {Jos{\'e} E. Moreira and
                Geoffrey Fox and
                        Vladimir Getov},
        title     = {Proceedings of the 2002 Joint ACM-ISCOPE Conference on Java
                Grande 2002,  Seattle, Washington, USA, November 3-5, 2002},
        booktitle = {Java Grande},
        publisher = {ACM},
        year      = {2002},
        isbn      = {1-58113-599-8},
        bibsource = {DBLP, http://dblp.uni-trier.de}
}

# JNGI

@inproceedings{Verbeke02,
  author    = {Jerome Verbeke and
               Neelakanth Nadgir and
               Greg Ruetsch and
               Ilya Sharapov},
  title     = {Framework for Peer-to-Peer Distributed Computing in a Heterogeneous,
               Decentralized Environment},
  booktitle = {Grid Computing - GRID 2002, Third International Workshop,
               Baltimore, MD, USA, November 18, 2002, Proceedings},

  publisher = {Springer},
  year      = {2002},
  pages     = {1-12},
  ee        = {http://link.springer.de/link/service/series/0558/bibs/2536/25360001.htm},
  bibsource = {DBLP, http://dblp.uni-trier.de}
}

---------------------- Japanelo-------------------------
@inproceedings{Therning05,
  author    = {Niklas Therning and
               Lars Bengtsson},
  title     = {Jalapeno: secentralized grid computing using peer-to-peer
               technology},
  booktitle   = {Proceedings of the Second Conference on Computing Frontiers,
               2005, Ischia, Italy, May 4-6, 2005},
  publisher = {ACM},
  year      = {2005},
  pages     = {59-65},
  ee        = {http://doi.acm.org/10.1145/1062261.1062274},
  bibsource = {DBLP, http://dblp.uni-trier.de}
}

  
@inproceedings{Seymour2002,
  author    = {Keith Seymour and
               Hidemoto Nakada and
               Satoshi Matsuoka and
               Jack Dongarra and
               Craig A. Lee and
               Henri Casanova},
  title     = {Overview of GridRPC: A Remote Procedure Call API for Grid
               Computing},
  booktitle = {Grid Computing - GRID 2002, Third International Workshop,
               Baltimore, MD, USA, November 18, 2002, Proceedings},

  publisher = {Springer},
  year      = {2002},
  series    = {Lecture Notes in Computer Science},
  volume    = {2536},
  pages     = {274-278},
  ee        = {http://link.springer.de/link/service/series/0558/bibs/2536/25360274.htm},
  bibsource = {DBLP, http://dblp.uni-trier.de}
}



@Conference{Shudo05,
      author = {Kazuyuki Shudo and Yoshio Tanaka and Satoshi Sekiguchi},
      title =  {P3: {P2P}-based Middleware Enabling Transfer and Aggregation of Computational Resource},
      booktitle = {5th Intl. Workshop on Global and Peer-to-Peer Computing, in conjunc. with CCGrid05},
      publisher = {IEEE},
      pages     = {259-266},
      year = {2005},
      month= may,
} 
@book{Geist94,
	address = {Cambridge, Mass.},
	author = {Geist, A.  and Beguelin, A.  and Dongarra, Jack   and Jiang, W.  and Manchek, R.  and Sunderam, V. },
	citeulike-article-id = {2236863},
	keywords = {1994, cs244r, parallel},
	priority = {2},
	publisher = {MIT Press},
	title = {PVM Parallel Virtual Machine, {A} User's Guide and Tutorial for Networked Parallel Computing},
	url = {http://citeseer.ist.psu.edu/59958.html},
	year = {1994}
}



@InProceedings{Antoniu2007,
author      = {Gabriel Antoniu and Loïc Cudennec and Mike Duigou and Mathieu Jan},
title       = {Performance scalability of the {JXTA P2P} framework},
booktitle   = {Proc. 21st IEEE International Parallel and Distributed Processing Symposium (IPDPS 2007)},
year        = {2007},
month       = mar,
ADDRESS     = {Long Beach, CA, USA},
}


@misc{Traversat03,
author={Bernard Traversat and Ahkil Arora and Mohamed Abdelaziz and\
        Mike Duigou and Carl Haywood and Jean-Christophe Hugly and  Eric Pouyoul\
         and Bill Yeager},
title={Project JXTA 2.0 Super-Peer Virtual Network},
url={http://www.jxta.org/project/www/docs/JXTA2.0protocols1.pdf},
month = may,
year= 2003,
}

@article{Ranganathan01,
        author = {Sridharan Ranganathan and Alan D. George and Robert W. Todd and Matthew C. Chidester},
        title = {Gossip-Style Failure Detection and Distributed Consensus for Scalable Heterogeneous Clusters},
        journal = {Cluster Computing},
        volume = {4},
        number = {3},
        year = {2001},
        issn = {1386-7857},
        pages = {197--209},
        doi = {http://dx.doi.org/10.1023/A:1011494323443},
        publisher = {Kluwer Academic Publishers},
        address = {Hingham, MA, USA},
}


@misc{p2pmpi-site,
       title="P2P-MPI",
       url="http://www.p2pmpi.org",
}

@inproceedings{Rhea2004,
        author = {Sean C. Rhea and Dennis Geels and Timothy Roscoe and John Kubiatowicz},
        title = {Handling churn in a {DHT}},
        booktitle = {ATEC'04: Proceedings of the USENIX Annual Technical Conference 2004 on USENIX Annual Technical Conference},
        year = 2004,
        pages = {127--140},
        location = {Boston, MA},
        publisher = {USENIX Association},
        address = {Berkeley, CA, USA},
        keyword = {Bamboo},
}

@article{Caromel07,
        author={Denis Caromel and Alexandre di Costanzo and Clement Mathieu},
        title={Peer-to-peer for computational grids: mixing clusters and desktop machines},
        journal={Parallel Computing},
        publisher={Elsevier},
        volume=33,
        number={4-5},
        year={2007},
        month=may,
        pages={275-288},
}


--------------Vigne------------------------
@inproceedings{Rilling06,
  author    = {Louis Rilling},
  title     = {Vigne: Towards a Self-healing Grid Operating System},
  booktitle = {Euro-Par 2006, Parallel Processing, 12th International Euro-Par
               Conference, Dresden, Germany, August 28 - September 1, 2006,
               Proceedings},
  year      = {2006},
  pages     = {437-447},
  ee        = {http://dx.doi.org/10.1007/11823285_45},
  bibsource = {DBLP, http://dblp.uni-trier.de}
}

@inproceedings{Jeanvoine07,
            title = {Vigne: Executing Easily and Efficiently a Wide Range of Distributed Applications in Grids},
                  booktitle = {Proceedings of Euro-Par 2007},
                  author = {Emmanuel Jeanvoine and Christine Morin and Daniel Leprince},
                  year = {2007}, 
                  pages = {394-403},
}
--------------/Vigne------------------------

@inproceedings{Srinivas06,
      author    = {M. Venkateswara Reddy and
                   A. Vijay Srinivas and
                   Tarun Gopinath and
                   D. Janakiram},
      title     = {Vishwa: A reconfigurable P2P middleware for Grid Computations},
      booktitle = {International Conference on Parallel Processing (ICPP 2006), 14-18 August 2006, Columbus, Ohio, USA},
        year      = {2006},
        pages     = {381-390},
        publisher = {IEEE Computer Society},
        ee        = {http://doi.ieeecomputersociety.org/10.1109/ICPP.2006.75},
        }


@inproceedings{Drost2006,
        title = {Simple Locality-Aware Co-allocation in Peer-to-Peer Supercomputing},
        url = {http://doi.ieeecomputersociety.org/10.1109/CCGRID.2006.167},
        booktitle = {Sixth IEEE International Symposium on Cluster Computing and the Grid Workshops (CCGRID'06)  },
        pages={14--21},
        publisher = {IEEE},
        author = {Niels Drost and Rob V. van Nieuwpoort and Henri Bal},
        year = {2006},
}
@article{blansche05prl,
      author = {Alexandre Blansch\'e and Pierre Gan\c{c}arski},
      title = {{MACLAW}: A Modular Approach for Clustering with Local Attribute Weighting},
      journal = {Pattern Recognition Letters},
      publisher = {Elsevier},
      volume = {27},
      number = {11},
      pages = {1299--1306},
      year = {2006},
}
@inproceedings{Eyraud-Dubois07,
  author    = {Lionel Eyraud-Dubois and
               Arnaud Legrand and
               Martin Quinson and
               Fr{\'e}d{\'e}ric Vivien},
  title     = {A First Step Towards Automatically Building Network Representations},
  booktitle = {Euro-Par},
  year      = {2007},
  pages     = {160-169},
  ee        = {http://dx.doi.org/10.1007/978-3-540-74466-5_18},
  crossref  = {DBLP:conf/europar/2007},
  bibsource = {DBLP, http://dblp.uni-trier.de}
}

@proceedings{DBLP:conf/europar/2007,
  editor    = {Anne-Marie Kermarrec and
               Luc Boug{\'e} and
               Thierry Priol},
  title     = {Euro-Par 2007, Parallel Processing, 13th International Euro-Par
               Conference, Rennes, France, August 28-31, 2007, Proceedings},
  booktitle = {Euro-Par},
  publisher = {Springer},
  series    = {Lecture Notes in Computer Science},
  volume    = {4641},
  year      = {2007},
  isbn      = {978-3-540-74465-8},
  bibsource = {DBLP, http://dblp.uni-trier.de}
}

@article{defago04,
  author    = {Xavier D{\'e}fago and
               Andr{\'e} Schiper and
               P{\'e}ter Urb{\'a}n},
  title     = {Total order broadcast and multicast algorithms: Taxonomy
               and survey},
  journal   = {ACM Comput. Surv.},
  volume    = {36},
  number    = {4},
  year      = {2004},
  pages     = {372-421},
  ee        = {http://doi.acm.org/10.1145/1041680.1041682},
  bibsource = {DBLP, http://dblp.uni-trier.de}
}
@Article{Sankaran05,
  author =    {Sriram Sankaran and Jeffrey M. Squyres and Brian Barrett and Andrew Lumsdaine and Jason Duell and Paul Hargrove and Eric Roman},
  title =     {The {LAM/MPI} Checkpoint/Restart Framework: System-Initiated Checkpointing},
  journal =   {International Journal of High Performance Computing Applications},
  year =      2005,
  volume =    19,
  number =    4,
  pages =     {479--493},
  month =     {Winter},
  keywords =  {MPI, checkpoint/restart, rollback-recovery},
}

@article{cristian95,
  author    = {Flaviu Cristian and
               Houtan Aghili and
               H. Raymond Strong and
               Danny Dolev},
  title     = {Atomic Broadcast: From Simple Message Diffusion to Byzantine
               Agreement},
  journal   = {Inf. Comput.},
  volume    = {118},
  number    = {1},
  year      = {1995},
  pages     = {158-179},
  bibsource = {DBLP, http://dblp.uni-trier.de}
}

@techreport{hadzilacos94,
    author = "Vassos Hadzilacos and Sam Toueg",
    title = "A Modular Approach to Fault-Tolerant Broadcasts and Related Problems",
    number = "TR94-1425",
    pages = "83",
    year = "1994",
    url = "citeseer.ist.psu.edu/hadzilacos94modular.html" 
}
@inproceedings{Anderson04,
  author    = {David P. Anderson},
  title     = {BOINC: A System for Public-Resource Computing and Storage},
  booktitle = {5th International Workshop on Grid Computing (GRID 2004)},
  year      = {2004},
  pages     = {4-10},
  ee        = {http://doi.ieeecomputersociety.org/10.1109/GRID.2004.14},
  crossref  = {DBLP:conf/grid/2004},
  bibsource = {DBLP, http://dblp.uni-trier.de}
}

@proceedings{DBLP:conf/grid/2004,
  editor    = {Rajkumar Buyya},
  title     = {5th International Workshop on Grid Computing (GRID 2004),
               8 November 2004, Pittsburgh, PA, USA, Proceedings},
  booktitle = {GRID},
  publisher = {IEEE Computer Society},
  year      = {2004},
  isbn      = {0-7695-2256-4},
  bibsource = {DBLP, http://dblp.uni-trier.de}
}

@inproceedings{DBLP:conf/europar/Erwin01,
  author    = {Dietmar W. Erwin and
               David F. Snelling},
  title     = {UNICORE: A Grid Computing Environment},
  booktitle = {Euro-Par},
  year      = {2001},
  pages     = {825-834},
  ee        = {http://link.springer.de/link/service/series/0558/bibs/2150/21500825.htm},
  crossref  = {DBLP:conf/europar/2001},
  bibsource = {DBLP, http://dblp.uni-trier.de}
}

@proceedings{DBLP:conf/europar/2001,
  editor    = {Rizos Sakellariou and
               John Keane and
               John R. Gurd and
               Len Freeman},
  title     = {Euro-Par 2001: Parallel Processing, 7th International Euro-Par
               Conference Manchester, UK August 28-31, 2001, Proceedings},
  booktitle = {Euro-Par},
  publisher = {Springer},
  series    = {Lecture Notes in Computer Science},
  volume    = {2150},
  year      = {2001},
  isbn      = {3-540-42495-4},
  bibsource = {DBLP, http://dblp.uni-trier.de}
}
@inproceedings{Foster03,  
  author    = {Ian T. Foster and
               Adriana Iamnitchi},
  title     = {On Death, Taxes, and the Convergence of Peer-to-Peer and Grid Computing},
  booktitle = {Peer-to-Peer Systems II, Second International Workshop, IPTPS},
  year      = {2003},
  pages     = {118-128},
  ee        = {http://springerlink.metapress.com/openurl.asp?genre=article{\&}issn=0302-9743{\&}volume=2735{\&}spage=118},
  crossref  = {DBLP:conf/iptps/2003},
  bibsource = {DBLP, http://dblp.uni-trier.de}
}

@article{Talia03,
  author    = {Domenico Talia and
               Paolo Trunfio},
  title     = {Toward a Synergy Between P2P and Grids},
  journal   = {IEEE Internet Computing},
  volume    = {7},
  number    = {4},
  year      = {2003},
  pages     = {94-96},
  ee        = {http://csdl.computer.org/comp/mags/ic/2003/04/w4096abs.htm},
  bibsource = {DBLP, http://dblp.uni-trier.de}
}



@proceedings{DBLP:conf/iptps/2003,
  editor    = {M. Frans Kaashoek and
               Ion Stoica},
  title     = {Peer-to-Peer Systems II, Second International Workshop,
               IPTPS 2003, Berkeley, CA, USA, February 21-22,2003, Revised
               Papers},
  booktitle = {IPTPS},
  publisher = {Springer},
  series    = {Lecture Notes in Computer Science},
  volume    = {2735},
  year      = {2003},
  isbn      = {3-540-40724-3},
  bibsource = {DBLP, http://dblp.uni-trier.de}
}


@inproceedings{Genaud05,
  author    = {St{\'e}phane Genaud and
               Choopan Rattanapoka},
  title     = {A Peer-to-Peer Framework for Robust Execution of Message
               Passing Parallel Programs on Grids},
  booktitle = {Recent Advances in Parallel Virtual Machine and Message
               Passing Interface, 12th European PVM/MPI Users' Group Meeting,
               Sorrento, Italy, September 18-21, 2005, Proceedings},
  publisher = {Springer},
  series    = {Lecture Notes in Computer Science},
  volume    = {3666},
  isbn      = {3-540-29009-5},
  year      = {2005},
  pages     = {276-284},
}


@inproceedings{Nurmi05,
  author    = {Daniel Nurmi and
               John Brevik and
               Richard Wolski},
  title     = {Modeling Machine Availability in Enterprise and Wide-Area
               Distributed Computing Environments},
  booktitle = {Euro-Par},
  year      = {2005},
  pages     = {432-441},
  ee        = {http://dx.doi.org/10.1007/11549468_50},
  crossref  = {DBLP:conf/europar/2005},
  bibsource = {DBLP, http://dblp.uni-trier.de}
}
@proceedings{DBLP:conf/europar/2005,
  editor    = {Jos{\'e} C. Cunha and
               Pedro D. Medeiros},
  title     = {Euro-Par 2005, Parallel Processing, 11th International Euro-Par
               Conference, Lisbon, Portugal, August 30 - September 2, 2005,
               Proceedings},
  booktitle = {Euro-Par},
  publisher = {Springer},
  series    = {Lecture Notes in Computer Science},
  volume    = {3648},
  year      = {2005},
  isbn      = {3-540-28700-0},
  bibsource = {DBLP, http://dblp.uni-trier.de}
}

@phdthesis{Rattanapoka08,
      title={{P2P}-{MPI}: A Fault-tolerant Mesasges Passing Interface Implementation for Grids},
      author={Choopan Rattanapoka},
      school={University Louis Pasteur, Strasbourg},
      year=2008,
      month=apr,
}


@inproceedings{Rabenseifner04PVMMPI,
title={More Efficient Reduction Algorithms for Non-Power-of-Two Number of Processors in Message-Passing Parallel Systems
Book Series Lecture Notes in Computer Science},
author={Rolf Rabenseifner and Jesper Larsson Tr\"{a}ff},
booktitle={Recent Advances in Parallel Virtual Machine and Message Passing Interface},
publisher={Springer},
series = {LNCS},
volume = 3241,
doi ={10.1007/b100820},
pages={36--46},
year={2004},
}

@article{Huedo04,
  author    = {Eduardo Huedo and
               Rub{\'e}n S. Montero and
               Ignacio Mart\'{\i}n Llorente},
  title     = {A framework for adaptive execution in grids},
  journal   = {Software, Practice and Experience},
  volume    = {34},
  number    = {7},
  year      = {2004},
  pages     = {631-651},
  ee        = {http://dx.doi.org/10.1002/spe.584},
  bibsource = {DBLP, http://dblp.uni-trier.de}
}


@inproceedings{Dewolfs06,
   author    = {David Dewolfs and
                Jan Broeckhove and
                Vaidy S. Sunderam and
                Graham E. Fagg},
   title     = {FT-MPI, Fault-Tolerant Metacomputing and Generic Name Services:
                A Case Study},
   booktitle = {Recent Advances in Parallel Virtual Machine and Message
                Passing Interface, 13th European PVM/MPI User's Group Meeting},
    series    = {Lecture Notes in Computer Science},
   volume    = {4192},

   year      = {2006},
   pages     = {133-140},
   publisher = {Springer},
   ee        = {http://dx.doi.org/10.1007/11846802_24},
}

@article{Bull00,
  author    = {J. Mark Bull and
               L. A. Smith and
               M. D. Westhead and
               D. S. Henty and
               R. A. Davey},
  title     = {A benchmark suite for high performance Java},
  journal   = {Concurrency - Practice and Experience},
  volume    = {12},
  number    = {6},
  year      = {2000},
  pages     = {375-388},
  bibsource = {DBLP, http://dblp.uni-trier.de}
}

@InProceedings{Gabriel04,
  author       = {Edgar Gabriel and Graham E. Fagg and George Bosilca
                  and Thara Angskun and Jack J. Dongarra and Jeffrey
                  M. Squyres and Vishal Sahay and Prabhanjan Kambadur
                  and Brian Barrett and Andrew Lumsdaine and Ralph
                  H. Castain and David J. Daniel and Richard L. Graham
                  and Timothy S. Woodall },
  title        = {Open {MPI}: Goals, Concept, and Design of a Next
                  Generation {MPI} Implementation},
  booktitle    = {Proceedings, 11th European PVM/MPI Users' Group
                  Meeting},
  year         = 2004,
  address      = {Budapest, Hungary},
  pages        = {97--104},
  month        = {September}
} 

@inproceedings{Xhafa07,
  author    = {Fatos Xhafa and
               Leonard Barolli and
               Arjan Durresi},
  title     = {Immediate Mode Scheduling of Independent Jobs in Computational
               Grids},
  booktitle = {21st International Conference on Advanced Information Networking
               and Applications (AINA 2007)},
  year      = {2007},
  pages     = {970-977},
  ee        = {http://doi.ieeecomputersociety.org/10.1109/AINA.2007.78},
  crossref  = {DBLP:conf/aina/2007},
  bibsource = {DBLP, http://dblp.uni-trier.de}
}

@inproceedings{Cappello05,
author    = {Franck Cappello and others},
commented_author    = {Franck Cappello and Eddy Caron and Michel J. Dayd{\'e} and Fr{\'e}d{\'e}ric Desprez and Yvon J{\'e}gou and Pascale Vicat-Blanc Primet and Emmanuel Jeannot and St{\'e}phane Lanteri and Julien Leduc and Nouredine Melab and Guillaume Mornet and Raymond Namyst and Benjamin Qu{\'e}tier and Olivier Richard},
  title     = {Grid'5000: a large scale and highly reconfigurable grid
               experimental testbed},
  booktitle = {6th IEEE/ACM International Conference on Grid Computing (GRID 2005)},
  year      = {2005},
  pages     = {99-106},
  ee        = {http://dx.doi.org/10.1109/GRID.2005.1542730},
  bibsource = {DBLP, http://dblp.uni-trier.de}
}

@mastersthesis{Bouabene06,
      title = "Sélection de pairs et allocation de tâches dans P2P-MPI",
            author= {Ghazi Bouabene},
            school = "Université Louis Pasteur de Strasbourg",
            month = jun,
            year  = 2006,
}

@book{Garey90,
 author = {Garey,, Michael R. and Johnson,, David S.},
  title = {Computers and Intractability; A Guide to the Theory of NP-Completeness},
  year = 1990,
  isbn = {0716710455},
  publisher = {W. H. Freeman \& Co.},
  address = {New York, NY, USA},
}

@article{Garces-Erice03,
  author    = {Luis Garc{\'e}s-Erice and
               Ernst W. Biersack and
               Keith W. Ross and
               Pascal Felber and
               Guillaume Urvoy-Keller},
  title     = {Hierarchical Peer-To-Peer Systems},
  journal   = {Parallel Processing Letters},
  volume    = {13},
  number    = {4},
  year      = {2003},
  pages     = {643-657},
  ee        = {http://dx.doi.org/10.1142/S0129626403001574},
  bibsource = {DBLP, http://dblp.uni-trier.de}
}

@inproceedings{Xu03,
  author    = {Zhichen Xu and
               Mallik Mahalingam and
               Magnus Karlsson},
  title     = {Turning Heterogeneity into an Advantage in Overlay Routing},
  booktitle = {INFOCOM},
  publisher = {IEEE Computer and communication Societies},
  location =  {San Francisco, USA},
  year      = {2003},
  ee        = {http://www.ieee-infocom.org/2003/papers/37_01.PDF},
  bibsource = {DBLP, http://dblp.uni-trier.de}
}


@inproceedings{Zhao02,
  author    = {Ben Y. Zhao and
               Yitao Duan and
               Ling Huang and
               Anthony D. Joseph and
               John Kubiatowicz},
  title     = {Brocade: Landmark Routing on Overlay Networks},
  booktitle = {Peer-to-Peer Systems, First International Workshop, IPTPS
                 2002, Cambridge, MA, USA, March 7-8, 2002, Revised Papers},
  publisher = {Springer},
  series    = {Lecture Notes in Computer Science},
  volume    = {2429},
  year      = {2002},
  pages     = {34-44},
  ee        = {http://link.springer.de/link/service/series/0558/bibs/2429/24290034.htm},
  bibsource = {DBLP, http://dblp.uni-trier.de}
}


-------------------P-Grid------------------------------

@inproceedings{Aberer01,
  author    = {Karl Aberer},
  title     = {P-Grid: A Self-Organizing Access Structure for P2P Information
               Systems},
  booktitle     = {Cooperative Information Systems, 9th International Conference,
               CoopIS 2001, Trento, Italy, September 5-7, 2001, Proceedings},
  year      = {2001},
  pages     = {179-194},
  ee        = {http://link.springer.de/link/service/series/0558/bibs/2172/21720179.htm},
  bibsource = {DBLP, http://dblp.uni-trier.de}
}


@InProceedings{Datta05,
  title =   "Range Queries in Trie-Structured Overlays",
  author =  "Anwitaman Datta and Manfred Hauswirth and Renault John
             and Roman Schmidt and Karl Aberer",
  booktitle = "Fifth {IEEE} International Conference on Peer-to-Peer
             Computing ({P2P} 2005), 31 August - 2 September 2005,
             Konstanz, Germany",
  publisher =     "IEEE Computer Society",
  year =    2005,
  editor =  "Germano Caronni and Nathalie Weiler and Marcel
             Waldvogel and Nahid Shahmehri",
  ISBN =    "0-7695-2376-5",
  pages =   "57--66",
}

-------------------/P-Grid------------------------------


@InProceedings{Shu05,
  title =   "Supporting Multi-Dimensional Range Queries in
             Peer-to-Peer Systems",
  author =  "Yanfeng Shu and Beng Chin Ooi and Kian-Lee Tan and
             Aoying Zhou",
  bibdate = "2006-01-26",
  bibsource =     "DBLP,
             http://dblp.uni-trier.de/db/conf/p2p/p2p2005.html#ShuOTZ05",
  booktitle =     "Fifth {IEEE} International Conference on Peer-to-Peer
             Computing ({P2P} 2005), 31 August - 2 September 2005,
             Konstanz, Germany",
  publisher =     "IEEE Computer Society",
  year =    "2005",
  editor =  "Germano Caronni and Nathalie Weiler and Marcel
             Waldvogel and Nahid Shahmehri",
  ISBN =    "0-7695-2376-5",
  pages =   "173--180",
  URL =     "http://doi.ieeecomputersociety.org/10.1109/P2P.2005.35",
}


@inproceedings{Ramabhadran04,
  title =    {Brief Announcement: Prefix Hash Tree},
  author =   {Sriram Ramabhadran and Sylvia Ratnasamy and
                  Joseph M. Hellerstein and Scott Shenker},
  booktitle =      {Proceedings of the 23rd ACM Symposium on Principles
                  of Distributed Computing},
  year =     2004,
  month =    {July},
  address =  {St. John's, Newfoundland, Canada}
}


@article{Caron07,
  author    = {Eddy Caron and
               Frederic Desprez and
               C{\'e}dric Tedeschi},
  title     = {Enhancing Computational Grids with Peer-to-Peer Technology
               for Large Scale Service Discovery},
  journal   = {J. Grid Comput.},
  volume    = {5},
  number    = {3},
  year      = {2007},
  pages     = {337-360},
  ee        = {http://dx.doi.org/10.1007/s10723-006-9058-0},
  bibsource = {DBLP, http://dblp.uni-trier.de}
}


@inproceedings{Gkantsidis04,
  author    = {Christos Gkantsidis and
               Milena Mihail and
               Amin Saberi},
  title     = {Random Walks in Peer-to-Peer Networks},
  booktitle = {INFOCOM},
  year      = {2004},
  ee        = {http://www.ieee-infocom.org/2004/Papers/03_4.PDF},
  bibsource = {DBLP, http://dblp.uni-trier.de}
}


SCAMP
@article{Ganesh03,
  author    = {Ayalvadi J. Ganesh and
               Anne-Marie Kermarrec and
               Laurent Massouli{\'e}},
  title     = {Peer-to-Peer Membership Management for Gossip-Based Protocols},
  journal   = {IEEE Trans. Computers},
  volume    = {52},
  number    = {2},
  year      = {2003},
  pages     = {139-149},
  ee        = {http://computer.org/tc/tc2003/t0139abs.htm},
  bibsource = {DBLP, http://dblp.uni-trier.de}
}

@inproceedings{Beaumont07,
  author    = {Olivier Beaumont and
               Anne-Marie Kermarrec and
               Loris Marchal and
               Etienne Riviere},
  title     = {VoroNet: A scalable object network based on Voronoi tessellations},
  booktitle     = {21th International Parallel and Distributed Processing Symposium
               (IPDPS 2007), Proceedings, 26-30 March 2007, Long Beach,
               California, USA},
  year      = {2007},
  pages     = {1-10},
  ee        = {http://dx.doi.org/10.1109/IPDPS.2007.370210},
  bibsource = {DBLP, http://dblp.uni-trier.de}
}

@techreport{Oppenheimer04,
  author = "D. Oppenheimer and J. Albrecht and D. Patterson and A. Vahdat",
  title = "Scalable Wide-Area Resource Discovery.",
  institution = "Berkeley, CA, USA, University of California",
  number= "Technical Report CSD04-1334",
  year = 2004,
}


Mercury

@inproceedings{Bharambe04,
  author    = {Ashwin R. Bharambe and
               Mukesh Agrawal and
               Srinivasan Seshan},
  title     = {Mercury: supporting scalable multi-attribute range queries},
  booktitle     = {Proceedings of the ACM SIGCOMM 2004 Conference on Applications,
               Technologies, Architectures, and Protocols for Computer
               Communication, August 30 - September 3, 2004, Portland,
               Oregon, USA},
  year      = {2004},
  pages     = {353-366},
  ee        = {http://doi.acm.org/10.1145/1015467.1015507},
  bibsource = {DBLP, http://dblp.uni-trier.de}
}


# Squid

@article{Schmidt04,
author = {Cristina Schmidt and Manish Parashar},
title = {Enabling Flexible Queries with Guarantees in P2P Systems},
journal ={IEEE Internet Computing},
volume = {8},
number = {3},
issn = {1089-7801},
year = 2004,
pages = {19-26},
doi = {http://doi.ieeecomputersociety.org/10.1109/MIC.2004.1297269},
publisher = {IEEE Computer Society},
address = {Los Alamitos, CA, USA},
}

@inproceedings{TriantafillouP03,
  author    = {Peter Triantafillou and
               Theoni Pitoura},
  title     = {Towards a Unifying Framework for Complex Query Processing
               over Structured Peer-to-Peer Data Networks},
  booktitle = {Databases, Information Systems, and Peer-to-Peer Computing,
               First International Workshop, DBISP2P, Berlin Germany, September
               7-8, 2003, Revised Papers},
  year      = {2003},
  pages     = {169-183},
  ee        = {http://springerlink.metapress.com/openurl.asp?genre=article{\&}issn=0302-9743{\&}volume=2944{\&}spage=169},
  bibsource = {DBLP, http://dblp.uni-trier.de}
}

-------------------- Satin----------------------------

@inproceedings{Nieuwpoort00,
  author    = {Rob van Nieuwpoort and
               Thilo Kielmann and
               Henri E. Bal},
  title     = {Satin: Efficient Parallel Divide-and-Conquer in Java},
  booktitle  = {Euro-Par 2000, Parallel Processing, 6th International Euro-Par
               Conference, Munich, Germany, August 29 - September 1, 2000,
               Proceedings},
  publisher = {Springer},
  series    = {Lecture Notes in Computer Science},
  volume    = {1900},
  year      = {2000},
  pages     = {690-699},
  ee        = {http://link.springer.de/link/service/series/0558/bibs/1900/19000690.htm},
  bibsource = {DBLP, http://dblp.uni-trier.de}
}

-------------- Distributed Pipes ------------------
@article{Johnson01,
  author    = {Binu K. Johnson and
               R. Karthikeyan and
               D. Janaki Ram},
  title     = {DP: A Paradigm for Anonymous Remote Computation and Communication
               for Cluster Computing},
  journal   = {IEEE Trans. Parallel Distrib. Syst.},
  volume    = {12},
  number    = {10},
  year      = {2001},
  pages     = {1052-1065},
  ee        = {http://www.computer.org/tpds/td2001/l1052abs.htm},
  bibsource = {DBLP, http://dblp.uni-trier.de}
}

@inproceedings{Matsuda06,
  author    = {Motohiko Matsuda and
               Tomohiro Kudoh and
               Yuetsu Kodama and
               Ryousei Takano and
               Yutaka Ishikawa},
  title     = {Efficient MPI Collective Operations for Clusters in Long-and-Fast
               Networks},
  booktitle = {Proceedings of the 2006 IEEE International Conference on
               Cluster Computing, September 25-28, 2006, Barcelona, Spain},
  publisher = {IEEE},

  year      = {2006},
  ee        = {http://dx.doi.org/10.1109/CLUSTR.2006.311848},
  bibsource = {DBLP, http://dblp.uni-trier.de}
}

@article{Pjesivac-Grbovic07,
  author    = {Jelena Pjesivac-Grbovic and
               George Bosilca and
               Graham E. Fagg and
               Thara Angskun and
               Jack Dongarra},
  title     = {MPI collective algorithm selection and quadtree encoding},
  journal   = {Parallel Computing},
  volume    = {33},
  number    = {9},
  year      = {2007},
  pages     = {613-623},
  ee        = {http://dx.doi.org/10.1016/j.parco.2007.06.005},
  bibsource = {DBLP, http://dblp.uni-trier.de}
}


@article{Fukuda09,
  author    = {Munehiro Fukuda and
               Jumpei Miyauchi},
  title     = {An implementation of parallel file distribution in an agent
               hierarchy},
  journal   = {The Journal of Supercomputing},
  volume    = {47},
  number    = {3},
  year      = {2009},
  pages     = {255-285},
  ee        = {http://dx.doi.org/10.1007/s11227-008-0194-0},
  bibsource = {DBLP, http://dblp.uni-trier.de}
}

@InProceedings{Gustedt06,
  author =      {Jens Gustedt},
  title =       {Data Handover: Reconciling Message Passing and Shared Memory},
  booktitle =   {Foundations of Global Computing},
  year =        {2006},
  editor =      {Jos{\'e} Luiz Fiadeiro and Ugo Montanari and Martin Wirsing},
  number =      {05081},
  series =      {Dagstuhl Seminar Proceedings},
  ISSN =        {1862-4405},
  publisher =   {Internationales Begegnungs- und Forschungszentrum fuer Informatik (IBFI), Schloss Dagstuhl, Germany},
}

@inproceedings{Baru98,
  author    = {Chaitanya K. Baru and
               Reagan W. Moore and
               Arcot Rajasekar and
               Michael Wan},
  title     = {The SDSC storage resource broker},
  booktitle = {CASCON},
  year      = {1998},
  pages     = {5},
  ee        = {http://doi.acm.org/10.1145/783160.783165},
  crossref  = {DBLP:conf/cascon/1998},
  bibsource = {DBLP, http://dblp.uni-trier.de}
}

@proceedings{DBLP:conf/cascon/1998,
  editor    = {Stephen A. MacKay and
               J. Howard Johnson},
  title     = {Proceedings of the 1998 conference of the Centre for Advanced
               Studies on Collaborative Research, November 30 - December
               3, 1998, Toronto, Ontario, Canada},
  booktitle = {CASCON},
  publisher = {IBM},
  year      = {1998},
  bibsource = {DBLP, http://dblp.uni-trier.de}
}

@inproceedings{Allcock05,
  author    = {William E. Allcock and
               John Bresnahan and
               Rajkumar Kettimuthu and
               Michael Link},
  title     = {The Globus Striped GridFTP Framework and Server},
  booktitle = {SC},
  year      = {2005},
  pages     = {54},
  ee        = {http://doi.acm.org/10.1145/1105760.1105819},
  crossref  = {DBLP:conf/sc/2005},
  bibsource = {DBLP, http://dblp.uni-trier.de}
}

@proceedings{DBLP:conf/sc/2005,
  title     = {Proceedings of the ACM/IEEE SC2005 Conference on High Performance
               Networking and Computing, November 12-18, 2005, Seattle,
               WA, USA, CD-Rom},
  booktitle = {SC},
  publisher = {IEEE Computer Society},
  year      = {2005},
  bibsource = {DBLP, http://dblp.uni-trier.de}
}


@article{Al-kiswany09,
      author={Samer Al-Kiswany and Matei Ripeanu and Adriana Iamnitchi and Sudharshan Vazhkudai},
      title={Beyond Music Sharing: An Evaluation of Peer-to-Peer Data Dissemination Techniques in LArge Scientific Collaborations},
      journal={Journal of Grid Computing},
      publisher={Springer},
      pages={91--114},
      year=2009,
      month=mar,
      number=1,
      volume=7,
}
@article{Antoniu05,
	Author = {Antoniu, Gabriel and Boug{\'e}, Luc and Jan, Mathieu},
	Journal = {Scalable Computing: Practice and Experience},
	Month = {September},
	Number = {3},
	Pages = {45-55},
	Title = {JuxMem: An Adaptive Supportive Platform for Data Sharing on the Grid},
	Url = {http://hal.inria.fr/inria-00000984/en},
	Volume = {6},
	Year = {2005},
}
@inproceedings{Fedak08,
  author    = {Gilles Fedak and
               Haiwu He and
               Franck Cappello},
  title     = {BitDew: a programmable environment for large-scale data
               management and distribution},
  booktitle = {SC},
  year      = {2008},
  pages     = {45},
  ee        = {http://doi.acm.org/10.1145/1413370.1413416},
  crossref  = {DBLP:conf/sc/2008},
  bibsource = {DBLP, http://dblp.uni-trier.de}
}

@proceedings{DBLP:conf/sc/2008,
  title     = {Proceedings of the ACM/IEEE Conference on High Performance
               Computing, SC 2008, November 15-21, 2008, Austin, Texas,
               USA},
  booktitle = {SC},
  publisher = {IEEE/ACM},
  year      = {2008},
  isbn      = {978-1-4244-2835-9},
  bibsource = {DBLP, http://dblp.uni-trier.de}
}

@InProceedings{Casanova08,
  author =   {Casanova, Henri and Legrand, Arnaud and Quinson, Martin},
  title =    {{SimGrid: a Generic Framework for Large-Scale Distributed
                  Experiments}},
  booktitle =      {10th IEEE International Conference on
                  Computer Modeling and Simulation},
  year =     2008,
  month =    mar,
  publisher =      {IEEE Computer Society Press}
}


@article{Deelman05,
  author    = {Ewa Deelman and
               Gurmeet Singh and
               Mei-Hui Su and
               James Blythe and
               Yolanda Gil and
               Carl Kesselman and
               Gaurang Mehta and
               Karan Vahi and
               G. Bruce Berriman and
               John Good and
               Anastasia C. Laity and
               Joseph C. Jacob and
               Daniel S. Katz},
  title     = {Pegasus: A framework for mapping complex scientific workflows
               onto distributed systems},
  journal   = {Scientific Programming},
  volume    = {13},
  number    = {3},
  year      = {2005},
  pages     = {219-237},
  ee        = {http://iospress.metapress.com/openurl.asp?genre=article{\&}issn=1058-9244{\&}volume=13{\&}issue=3{\&}spage=219},
  bibsource = {DBLP, http://dblp.uni-trier.de}
}

@article{Ludascher06,
  author    = {Bertram Lud{\"a}scher and
               Ilkay Altintas and
               Chad Berkley and
               Dan Higgins and
               Efrat Jaeger and
               Matthew Jones and
               Edward A. Lee and
               Jing Tao and
               Yang Zhao},
  title     = {Scientific workflow management and the Kepler system},
  journal   = {Concurrency and Computation: Practice and Experience},
  volume    = {18},
  number    = {10},
  year      = {2006},
  pages     = {1039-1065},
  ee        = {http://dx.doi.org/10.1002/cpe.994},
  bibsource = {DBLP, http://dblp.uni-trier.de}
}

@article{Oinn04,
  author    = {Thomas M. Oinn and
               Matthew Addis and
               Justin Ferris and
               Darren Marvin and
               Martin Senger and
               R. Mark Greenwood and
               Tim Carver and
               Kevin Glover and
               Matthew R. Pocock and
               Anil Wipat and
               Peter Li},
  title     = {Taverna: a tool for the composition and enactment of bioinformatics
               workflows},
  journal   = {Bioinformatics},
  volume    = {20},
  number    = {17},
  year      = {2004},
  pages     = {3045-3054},
  ee        = {http://dx.doi.org/10.1093/bioinformatics/bth361},
  bibsource = {DBLP, http://dblp.uni-trier.de}
}


@article{Akram06,
	author={Asif Akram, David Meredith, and Rob Allan},
	title={Application of businness process execution language to Scientific Workflows},
	journal={International Transactions on Systels Science and Aplpications},
	number={1},
	volume={3},
	pages={289--302},
	year=2006,
}

@inproceedings{Kosar04,
  author    = {Tevfik Kosar and
               Miron Livny},
  title     = {Stork: Making Data Placement a First Class Citizen in the
               Grid},
  booktitle = {ICDCS},
  year      = {2004},
  pages     = {342-349},
  ee        = {http://csdl.computer.org/comp/proceedings/icdcs/2004/2086/00/20860342abs.htm},
  crossref  = {DBLP:conf/icdcs/2004},
  bibsource = {DBLP, http://dblp.uni-trier.de}
}

@proceedings{DBLP:conf/icdcs/2004,
  title     = {24th International Conference on Distributed Computing Systems
               (ICDCS 2004), 24-26 March 2004, Hachioji, Tokyo, Japan},
  booktitle = {ICDCS},
  publisher = {IEEE Computer Society},
  year      = {2004},
  bibsource = {DBLP, http://dblp.uni-trier.de}
}

@inproceedings{Arnold00,
  author    = {Dorian C. Arnold and
               Dieter Bachmann and
               Jack Dongarra},
  title     = {Request Sequencing: Optimizing Communication for the Grid},
  booktitle = {Euro-Par},
  year      = {2000},
  pages     = {1213-1222},
  ee        = {http://link.springer.de/link/service/series/0558/bibs/1900/19001213.htm},
  crossref  = {DBLP:conf/europar/2000},
  bibsource = {DBLP, http://dblp.uni-trier.de}
}

@proceedings{DBLP:conf/europar/2000,
  editor    = {Arndt Bode and
               Thomas Ludwig 0002 and
               Wolfgang Karl and
               Roland Wism{\"u}ller},
  title     = {Euro-Par 2000, Parallel Processing, 6th International Euro-Par
               Conference, Munich, Germany, August 29 - September 1, 2000,
               Proceedings},
  booktitle = {Euro-Par},
  publisher = {Springer},
  series    = {Lecture Notes in Computer Science},
  volume    = {1900},
  year      = {2000},
  isbn      = {3-540-67956-1},
  bibsource = {DBLP, http://dblp.uni-trier.de}
}


@techreport{Wu09,
       author= {Jie Wu and Earl C. Joseph and Richard Walsh and Steve Conway },
       title={Worldwide Technical Computing Server 2009--2013 Forecast},
       institution={IDC},
       number={Doc \#217232},
       url={http://www.idc.com/getdoc.jsp?containerId=217232},
       note={http://www.idc.com/getdoc.jsp?containerId=217232},
}

@inproceedings{Casanova00,
  author    = {Henri Casanova and
               Graziano Obertelli and
               Francine Berman and
               Richard Wolski},
  title     = {The AppLeS Parameter Sweep Template: User-Level Middleware
               for the Grid},
  booktitle = {SC},
  year      = {2000},
  ee        = {http://www.supercomp.org/sc2000/Proceedings/techpapr/papers/pap169.pdf},
  bibsource = {DBLP, http://dblp.uni-trier.de}
}

